2602 4388
608 553 696 622 IV·

188 709 328 776 Veteres
350 710 536 776 Aristotelis
557 719 830 778 conunentatores
855 719 1008 798 quantum
1039 714 1202 797 adintel-

21 873 23 877 .
100 822 248 906 ligandos
269 823 543 909 explicandosque
559 823 739 911 philosophi
756 823 855 888 libros
871 825 1016 908 valeant,
1039 827 1201 890 nemiuem

100 933 182 1019 sugit
204 933 258 1020 qui
281 934 312 996 in
337 936 407 1013 ejus
429 936 634 1020 philosophia
654 938 880 1018 cognoscenda
905 937 1047 999 studium
1070 946 1104 1000 et
1128 958 1202 1020 ope-

100 1067 169 1109 ram
194 1046 348 1130 posuerit.
393 1045 489 1108 Licet
512 1047 596 1110 enim
626 1068 729 1131 neque
752 1045 1003 1129 explicationem
1027 1069 1131 1131 noque
1151 1050 1201 1130 ju·

100 1156 217 1221 dicium
246 1177 355 1219 eorum
384 1156 502 1243 ubique
530 1156 720 1242 probaveris
749 1163 783 1221 et
805 1179 904 1241 saepe
928 1158 1108 1223 disserendi
1132 1179 1202 1222 rer·

100 1265 239 1330 bositate
271 1265 438 1350 setigera,
472 1270 554 1332 adeo
587 1278 698 1330 tamen
733 1267 764 1329 in
799 1268 983 1330 universam
1012 1267 1201 1332 Aristotelis

99 1376 265 1459 cogitandi
293 1378 542 1464 disputandique
575 1378 734 1441 rationem
770 1400 843 1442 sese
871 1377 1135 1462 insinuaverunt,
1169 1385 1201 1443 et

99 1486 259 1550 interdum
289 1487 328 1549 iis
355 1489 455 1552 otiam
484 1488 574 1551 libris
602 1489 647 1551 nti
678 1496 869 1573 potuerunt,
901 1490 954 1575 qui
984 1492 1025 1554 ad
1054 1496 1200 1553 nostram

99 1603 243 1662 aetatem
267 1617 331 1661 non
355 1606 590 1684 pervenerunt,
618 1607 654 1663 ut
680 1600 735 1664 rix
757 1600 909 1664 meliores
938 1603 1036 1665 duces
1060 1603 1103 1664 ad
1126 1621 1200 1665 coo·

99 1709 292 1774 trahendam
314 1731 388 1773 cum
411 1710 589 1776 Aristotele
617 1710 875 1775 familiaritatem
902 1710 1060 1776 invenias,
1107 1709 1201 1774 Sum·

96 1839 187 1884 mam
221 1820 318 1904 igitur
340 1821 480 1904 gratiam
504 1821 645 1885 omnium
669 1842 798 1904 eorum,
829 1821 882 1905 qui
910 1821 942 1884 in
971 1821 1201 1906 investiganda

98 1928 300 1997 Graecorum
322 1930 528 2017 philosophia
560 1939 749 2011 versantur,
787 1930 1030 1995 Brandisius
1064 1935 1200 1997 moritus

98 2049 167 2126 est,
201 2043 287 2129 qood
314 2051 447 2126 recepta
474 2043 506 2106 in
536 2065 571 2107 sa
600 2041 707 2106 altura
734 2049 827 2126 parte
861 2042 978 2108 edendi
1007 2041 1200 2108 Aristotelis

97 2149 244 2217 collectis
265 2159 421 2238 quotquot
441 2153 560 2239 ubique
581 2151 716 2238 reperiri
740 2159 894 2236 poteraut
916 2160 1045 2218 veteres
1067 2153 1101 2216 in
1124 2152 1200 2217 Ari·

98 2262 248 2328 stotelem
281 2264 504 2329 commentarii
539 2270 572 2328 et
604 2264 706 2328 multa
738 2285 823 2329 nuuc
853 2264 990 2348 primum
1019 2264 1199 2348 evulgavit,

97 2395 181 2459 quae
203 2373 308 2438 adhuc
335 2373 365 2437 in
395 2374 486 2438 libris
514 2375 744 2458 manuscriptis
764 2373 929 2455 latebant,
958 2383 1097 2460 atquae
1120 2383 1199 2440 uota

97 2492 193 2551 erant
214 2486 320 2549 douuo
342 2488 467 2550 edendo
490 2492 523 2549 ot
545 2485 739 2574 gravissima
765 2506 910 2570 quaeque
926 2488 1133 2568 excerpendo
1148 2485 1197 2550 t'a·

98 2596 211 2661 ciliora
232 2597 322 2661 aditu
344 2605 378 2661 et
400 2618 458 2659 usu
481 2595 697 2660 fructuosiora
719 2595 868 2658 reddidit.
904 2594 970 2659 Sed
986 2616 1080 2679 quum
1106 2618 1199 2680 prae·

97 2704 277 2770 clarissime
300 2708 442 2772 editores
457 2706 678 2771 collocandam
694 2707 725 2770 io
743 2705 923 2770 Aristotele
946 2727 1093 2789 operam,
1115 2728 1197 2792 quae

96 2816 191 2881 unius
219 2817 357 2881 hominis
382 2818 470 2882 vires
498 2817 726 2901 ingeniumque
757 2824 942 2900 superaret,
971 2817 1016 2880 ita
1044 2818 1132 2881 iuter
1161 2839 1197 2881 se

95 2928 208 3013 partiti
240 2949 314 2992 esse
343 2928 529 3010 rideantur,
559 2935 595 2990 ut
624 2927 707 2991 alter
730 2926 878 2990 acumine
905 2933 938 2990 et
959 2926 1142 3009 sargacitate
1164 2927 1195 2990 io

96 3039 300 3104 excutiendis
336 3036 541 3103 conserendis
579 3037 790 3102 aestimandis
827 3036 920 3100 lihris
953 3037 1195 3122 manuscriptis,

96 3148 182 3212 alter
208 3151 377 3214 doctrinae
404 3149 501 3233 copia
532 3155 567 3212 et
599 3146 754 3232 singulari
785 3147 934 3212 Graecae
971 3149 1196 3238 philosophiae

96 3258 232 3322 scientia
255 3260 286 3323 in
308 3260 499 3345 colligendis
522 3259 796 3350 excerpendisquc
818 3258 951 3321 scholiis
976 3279 1071 3339 usus,
1100 3281 1194 3322 suam

94 3375 231 3456 uterquc
252 3377 380 3455 partem
396 3371 437 3434 ad
453 3369 685 3433 restituendum
703 3374 816 3431 nostra
831 3374 941 3452 aetate
961 3369 1102 3430 studium
1120 3369 1194 3432 Ari·

95 3479 222 3543 stotelis
233 3477 434 3544 conferrent:
450 3479 527 3542 illud
539 3486 649 3543 tamen
663 3498 860 3561 magnopore
876 3478 998 3560 doleas,
1010 3481 1097 3563 quod
1109 3501 1194 3564 quac

94 3592 231 3655 seorsim
257 3597 392 3675 uterque
423 3589 508 3654 eruit
539 3588 587 3651 ita
612 3587 761 3653 conterre
788 3595 821 3651 ct
842 3592 1041 3671 conjungere
1077 3589 1193 3652 omise-

93 3707 181 3784 runt,
202 3708 239 3763 ut
261 3722 279 3764 a
300 3699 430 3763 scholiis
453 3705 486 3763 at
512 3696 756 3762 commentariis
785 3706 930 3763 votorum
952 3697 1069 3781 aliquis
1092 3700 1193 3762 etiam

94 3813 136 3875 ad
170 3811 408 3877 emendandum
440 3816 566 3872 textum
600 3807 789 3872 Aristotelis
824 3807 947 3873 fructus
982 3810 1192 3875 redundaret.

93 3919 257 3992 Quantum
281 3919 367 3984 euim
390 3918 440 3983 rel
463 3920 494 3982 in
518 3917 731 4000 dijudicandis
753 3919 889 3984 diversis
907 3917 1053 3982 codicum
1079 3920 1192 3986 lectio·

196 4031 283 4106 „rel
310 4030 343 4095 in
370 4029 571 4097 restituenda
597 4030 707 4097 invitis
734 4023 835 4096 otiam
861 4027 1026 4093 codicibus
1047 4031 1193 4114 genuina
