2602 4388
41 212 44 217 ’
167 231 225 296 ιιι

162 397 192 458 iu
228 395 356 457 modum
391 389 531 455 disserit.
599 389 726 455 lleirute
761 389 864 474 ipsum
899 390 1053 455 dilemma
1081 391 1168 477 quod
1199 413 1271 477 pro·

162 505 267 591 posunt
297 524 338 565 ne
365 522 477 566 verum
506 500 633 586 quidem
657 510 708 565 est
731 523 770 566 ac
792 500 940 586 plonum3
965 522 1075 589 neque
1100 503 1190 568 enim
1214 507 1270 570 da·

162 612 354 678 nrormtrutio
377 618 410 677 et
432 610 578 676 delinitio
602 611 697 675 unica
718 620 793 675 sunt
813 612 1030 695 cognoscendi
1050 634 1188 698 genero,
1211 617 1269 681 sod

161 725 288 790 accedit
302 723 433 789 tertium
450 742 560 805 genus
577 720 779 788 inductionis.
813 721 878 786 His
899 725 941 787 de
955 722 1081 787 caussis
1096 722 1144 787 ita
1159 745 1269 789 omen·

160 838 303 900 dandum
326 834 431 898 locum
454 830 595 896 arbitror
616 839 652 895 ut
667 831 827 916 particula
847 837 901 896 καί
922 840 1000 898 ante
1020 836 1041 919 ἢ
1063 833 1111 898 δι’
1130 831 1268 920 ὁρισμῶν

161 946 403 1030 interponatur,
431 963 493 1028 quo
520 941 608 1006 facto
636 943 735 1007 etiam
764 964 835 1006 eum
865 944 1023 1026 proximis
1051 944 1161 1009 verbis
1184 944 1266 1025 ‚haee

161 1057 262 1122 uudto
295 1053 403 1140 aptius
434 1052 657 1118 cohaerebunt
680 1060 713 1117 ot
735 1053 922 1138 concinant,
954 1075 1049 1139 quam
1084 1077 1104 1118 e
1131 1054 1267 1139 vulgata

160 1175 271 1232 textus
286 1165 348 1229 scri
351 1171 462 1247 ptura:
479 1169 568 1227 πᾶσα
582 1165 720 1248 μάθησις
736 1162 791 1227 διὰ
805 1144 1120 1248 προγιγνωσιιομένων
1132 1201 1190 1241 -,
1205 1172 1266 1232 καὶ

160 1276 180 1364 ἢ
203 1277 248 1340 δι’
277 1274 469 1353 ἀποδείξεως
496 1267 599 1357 aoid
629 1271 676 1336 δι’
704 1270 854 1357 ὁρισμῶν·
882 1275 934 1338 δεῖ
951 1274 1014 1360 γὰρ
1035 1274 1069 1353 ἐξ
1089 1269 1136 1340 ὦν
1158 1274 1177 1342 ὁ
1202 1273 1265 1360 ὄρι-

94 1388 102 1401 ’
158 1387 237 1468 σμὸς
251 1385 432 1469 προειδέναι
446 1387 499 1446 καὶ
520 1385 601 1447 εἶναι
622 1383 777 1466 γνώριμα·
800 1378 916 1466 ὁμοίως
938 1385 1057 1449 δὲκαὶ
1078 1382 1097 1470 ἢ
1120 1384 1166 1450 δι’
1190 1387 1265 1451 ἔπα-

159 1502 267 1581 γωγῆς.
288 1529 331 1540 --
353 1493 547 1558 Alexander
567 1493 643 1579 qnid
667 1493 698 1555 in
721 1499 816 1557 textu
840 1493 988 1560 habuerit
1009 1517 1051 1559 ex
1067 1496 1142 1574 ejus
1168 1496 1262 1560 intor-

159 1606 423 1693 pretationonon
440 1604 523 1667 satis
537 1611 628 1668 certo
643 1604 794 1686 cognosci
812 1610 935 1687 potest3
959 1604 1139 1671 etenimex
1155 1609 1262 1691 prioro

161 1716 389 1801 explicationis
417 1723 513 1799 parte
535 1736 565 1799 p.
589 1717 737 1784 585ti39.
767 1714 926 1796 suspicari
952 1716 1059 1799 possis
1087 1737 1162 1780 curn
1192 1739 1262 1802 par·

160 1827 276 1893 ticnlas
300 1824 514 1904 disjunctivae
541 1824 608 1910 ἤ-ἧ
635 1824 665 1887 iu
689 1830 782 1887 textu
806 1824 986 1908 invenisse,
1008 1827 1195 1909 posteriore
1216 1837 1262 1891 ta·

159 1960 233 2002 rnen
257 1937 402 2017 ejusdem
427 1933 655 2020 explicationis
676 1941 771 2019 purte
792 1957 823 2020 p.
847 1939 1070 2006 58tla3-11.
1100 1959 1139 2002 ου
1165 1940 1260 2005 doda.

159 2048 263 2131 earis,
297 2055 333 2110 ut
359 2066 431 2110 eum
461 2045 575 2107 cadem
603 2045 672 2109 fere
700 2044 817 2127 verba,
851 2066 934 2130 quae
962 2066 1022 2109 nos
1050 2048 1261 2132 restituimus,

158 2165 236 2225 ante
263 2152 374 2220 oculos
401 2152 552 2217 habuisse
580 2163 684 2240 putes.
740 2151 851 2224 Quare
885 2161 1035 2221 nentrum
1069 2157 1103 2221 iu
1133 2170 1258 2243 pastam

157 2273 230 2350 ejus
251 2265 431 2332 auotoritas
452 2263 580 2330 videtur
602 2265 763 2349 interponi
788 2285 894 2349 posse.

243 2385 282 2454 B,
303 2382 335 2447 d.
360 2397 388 2459 p·
415 2380 583 2447 laureae.
612 2374 681 2460 (ar.
704 2383 759 2459 56,
780 2377 826 2460 8.)
872 2374 1029 2442 Votorum
1052 2379 1258 2464 pliilosoplio-

156 2511 229 2554 rmn
251 2482 308 2551 ulii
330 2508 427 2555 unum
457 2491 490 2548 et
519 2507 578 2550 cus
605 2486 636 2549 in
666 2485 832 2569 principiis
857 2507 965 2551 rerum
995 2489 1042 2552 ita
1070 2479 1259 2573 posueruut,

156 2609 193 2664 ut
220 2596 421 2661 substantias
448 2617 522 2661 esse
551 2602 750 2678 statuerent,
778 2594 834 2658 alii
862 2597 908 2660 ita
935 2605 970 2662 ut
999 2600 1041 2662 ad
1069 2599 1158 2664 aliud
1188 2603 1257 2664 sub·

56 2704 62 2715 '
157 2693 294 2773 stratum
317 2706 481 2771 referrent
500 2702 545 2782 ὥς
565 2704 766 2789 ὑποκειμένης
793 2696 888 2791 ἄλλης
914 2710 1037 2791 φύσεως
1059 2730 1090 2792 p.
1113 2717 1256 2783 Idolo&

157 2817 223 2903 (ef.
240 2837 340 2900 supra
354 2838 384 2900 p.
400 2818 476 2893 dd).
510 2813 709 2880 Aristoteles
731 2818 771 2878 de
795 2815 856 2879 huo
877 2818 1100 2883 controversia
1123 2821 1171 2884 ita
1193 2823 1255 2886 dis·

156 2929 252 3013 rmit,
280 2933 316 2991 ut
338 2924 508 2990 dialectice
530 2923 605 3010 qnid
628 2946 670 2987 ex
697 2931 832 3009 utraque
856 2929 1019 2992 sententia
1041 2941 1256 3017 consequntur

155 3045 308 3126 exponat.
353 3038 383 3101 εἰ
408 3035 442 3100 δ’
469 3033 532 3100 ἔστι
560 3057 590 3096 τι
617 3033 696 3099 αὐτὸ
724 3039 760 3098 ἓν
785 3041 837 3099 καὶ
863 3035 917 3112 ὅν,
945 3037 1121 3118 ἀναγκαῖον
1146 3039 1257 3107 οὐσίαι

154 3149 261 3214 αὐτῶν
282 3151 362 3212 εἶναι
383 3146 419 3211 τὸ
442 3151 478 3210 ἓν
497 3151 550 3208 καὶ
571 3145 607 3210 od
629 3146 681 3208 ὄν·
705 3144 743 3210 οὐ
759 3147 820 3231 ydp
841 3150 948 3231 ἕτερον
962 3170 991 3210 τι
1005 3150 1149 3215 καθόλου
1164 3176 1256 3237 κατη-

153 3269 297 3341 γορεῖται,
319 3255 405 3320 ἀλλὰ
426 3260 527 3320 ταῦτα
547 3253 641 3319 αὐτοὶ.
674 3253 770 3319 Prior
792 3257 955 3321 errtmoiati
977 3279 1055 3342 pars
1078 3259 1186 3325 facilis
1207 3269 1256 3327 est

151 3369 195 3433 nd
217 3363 480 3448 intelligendum:
509 3364 535 3427 si
563 3364 638 3451 quid
666 3366 718 3428 ost
744 3367 848 3449 ipsum
876 3387 973 3430 uuum
998 3374 1031 3430 et
1054 3369 1159 3450 ipsimi
1185 3394 1254 3456 our,

151 3483 281 3565 oportet
302 3476 400 3539 riuum
423 3480 456 3538 et
478 3495 537 3538 etis
559 3476 762 3539 substautias
784 3496 866 3540 esse.
911 3476 1138 3544 Substantiam
1155 3484 1253 3566 ouini,

150 3587 277 3661 οὐσίαν,
305 3585 368 3650 dici
397 3591 507 3648 uotum
537 3590 588 3648 ost
617 3584 647 3648 id
675 3588 758 3669 quod
788 3583 867 3650 αὐτὸ
893 3591 973 3650 καθ’
1000 3586 1079 3653 αὑτό
1101 3593 1251 3657 exsistat.

150 3698 217 3762 Sed
246 3695 321 3782 ipnid
349 3693 533 3779 significent
566 3694 715 3777 proxima
746 3696 846 3760 verba
878 3719 993 3781 nepae
1024 3700 1118 3762 euim
1151 3703 1256 3769 uliud

148 3813 315 3874 uaricem
341 3806 592 3889 praedicatur,
624 3807 686 3868 red
710 3803 793 3871 hoec
819 3809 897 3892 ιἰιιιι
923 3807 1055 3873 diflicilo
1077 3820 1129 3874 est
1152 3814 1251 3897 dictu,

148 3940 253 4004 noque
282 3939 323 3983 ex
350 3913 532 3979 Alexandri
567 3915 820 3999 commentario,
852 3917 931 3997 licet
958 3920 1039 3982 duas
1067 3921 1251 4005 explicandi

148 4029 294 4092 rationes
330 4024 451 4111 optioni
494 4032 677 4110 proponat,
725 4027 807 4091 certi
849 4027 1021 4112 quidquam
1064 4032 1256 4116 depromas.-
