2602 4388
150 212 193 276 eb

151 379 190 445 δὲ
216 373 323 440 ταύτό.
364 373 576 438 Scribeudum
605 392 679 437 esse
706 374 749 436 τὸ
780 376 838 457 μὲν
863 370 923 456 reip
950 369 1112 459 ἀνθρώπῳ
1138 373 1192 433 eei
1218 367 1257 432 τά

153 489 251 576 hospi
278 483 439 574 ἀνθρώπῳ
471 481 511 548 od
541 477 639 548 rariro'
666 482 767 567 (quoe
800 488 853 547 ost
884 481 980 547 lectio
1013 482 1084 546 ced.
1117 477 1193 559 Ab)
1228 477 1256 541 si

155 599 228 685 quis
249 616 312 659 uou
336 617 377 661 ex
399 594 471 678 ipsu
493 592 657 657 enunciati
679 599 797 657 natura
811 614 972 678 apparere
989 596 1140 675 censeat,
1160 610 1258 675 quum

154 707 317 796 ἀνθρώπῳ
337 706 419 770 εἶναι
440 711 475 769 et
495 702 595 791 λευκῷ
616 701 775 792 ἀνθρώπῳ
797 707 878 768 εἶναι
905 703 1043 784 subjecti
1073 701 1179 766 iocum
1202 700 1256 763 eb·

155 821 295 901 tineent,
317 825 351 880 at
372 825 461 881 certe
484 813 666 877 Alexandri
689 815 874 879 testimonio
896 817 1019 897 credet,
1044 832 1257 899 quemaper·

156 939 223 997 tum
254 934 302 995 est
330 949 401 992 eoru
430 923 602 988 lectionem
635 932 712 989 anto
740 924 852 989 oculos
880 926 1002 991 habere
1029 925 1114 1011 quod
1143 921 1256 987 scribit

156 1046 231 1106 καθ’
251 1036 336 1103 αὐτοὶ
355 1035 486 1121 μὲνγὰρ
507 1034 547 1098 τὰ
569 1033 730 1125 ἀνθρώπῳ
745 1039 891 1100 εἶναικαὶ
912 1037 953 1101 od
974 1034 1074 1124 λευκῷ
1095 1033 1256 1120 ἀνθρώπῳ

156 1150 215 1217 oria
234 1149 322 1213 derce
342 1148 383 1212 τὸ
406 1146 485 1213 αὐτό
506 1169 537 1233 p.
559 1147 712 1231 widi,
733 1145 788 1212 vei
810 1147 910 1231 ipsius
932 1145 1040 1232 potius
1055 1141 1257 1225 Aristotelis,

156 1263 242 1346 apud
264 1279 357 1344 (prem
380 1281 413 1322 ιιι
436 1262 551 1325 eadem
574 1258 793 1343 disputatione
820 1264 854 1322 et
882 1259 996 1322 eadem
1024 1258 1066 1320 de
1087 1275 1125 1319 re
1149 1251 1257 1338 panlio

157 1379 235 1437 aute
256 1373 485 1462 scriptumest
505 1375 558 1434 eod
579 1369 619 1433 τὰ
642 1367 811 1457 ἀνθρώπῳ
828 1370 909 1432 εἶναι
937 1373 989 1430 καὶ
1015 1367 1057 1447 ud
1079 1366 1180 1454 λευκώ
1199 1362 1258 1429 ἀν·

157 1483 277 1569 θρώπῳ
297 1482 338 1545 eri
359 1480 439 1545 adso
460 1501 491 1565 p.
509 1484 677 1561 1031a2l,
699 1486 734 1543 et
748 1482 854 1563 ἕτερον
868 1477 947 1543 αὐτὸ
962 1479 997 1543 τὰ
1013 1477 1143 1560 ἀγαθὸν
1155 1482 1211 1541 καὶ
1221 1477 1257 1540 ‘cd

156 1586 273 1680 ἀγαθῷ
287 1594 368 1655 εἶναι
383 1613 413 1676 p.
431 1597 598 1664 1031e31.
614 1626 658 1639 -
670 1589 783 1675 Neque
798 1588 895 1654 aliter
909 1590 1116 1655 statuendum
1129 1587 1257 1653 videtur

158 1706 199 1769 de
226 1703 333 1768 altero
361 1705 507 1784 ejusdem
535 1701 654 1787 capitis
681 1699 770 1782 leco,
798 1699 850 1784 qui
879 1699 978 1763 etiam
1006 1699 1040 1763 in
1067 1696 1178 1764 Bskk.
1207 1699 1256 1763 ed.

158 1816 243 1878 hune
256 1813 290 1876 iu
306 1815 433 1876 medum
449 1813 620 1878 exhibetur
635 1818 714 1896 Ζ,,6.
733 1833 762 1896 p.
782 1812 926 1883 [cerba.
948 1809 1017 1895 (Br.
1035 1816 1109 1892 137,
1127 1811 1258 1886 15111.)

156 1930 211 1988 ucri
231 1925 282 1988 ἐπὶ
303 1923 432 2004 ἀγαθοῦ
452 1929 504 1987 καὶ
524 1927 587 1986 τών
608 1921 713 1986 ἄλλων
734 1920 848 2006 ὁμοίως
868 1922 939 2003 ἔχει·
971 1924 1042 1985 ὥστ’
1063 1923 1093 1984 εἰ
1111 1920 1192 2005 μηδὲ
1212 1923 1258 2005 τῷ

156 2033 275 2122 ἀγαθῷ
295 2037 376 2097 εἶναι
397 2033 533 2113 ἀγαθόν,
555 2030 632 2097 οὐδὲ
645 2037 693 2122 τῷ
715 2033 783 2098 ὄντι
804 2033 851 2108 ὅν,
874 2031 952 2097 οὐδὲ
972 2037 1017 2122 τῷ
1030 2032 1077 2098 ἑνὶ
1098 2037 1143 2097 ἓν.
1188 2030 1258 2095 fleo

158 2143 230 2209 ioce
251 2130 303 2208 est
324 2164 405 2208 sanc
426 2164 490 2230 quo
512 2143 641 2208 defendi
669 2144 772 2228 possit
799 2143 944 2227 dativus,
972 2145 999 2207 si
1029 2143 1101 2231 quis
1122 2163 1143 2207 a
1166 2162 1260 2227 supe·

158 2253 297 2320 rioribus
312 2254 523 2340 repetendum
539 2262 673 2320 censeat
687 2253 820 2337 ἀπάρχει
836 2257 879 2337 (v.
891 2263 923 2326 5.
940 2259 983 2344 τῷ
996 2255 1112 2343 ἀγαθῷ
1128 2252 1260 2337 ἀπάρχει

159 2391 188 2431 o
201 2368 236 2431 τὸ
254 2369 335 2430 εἶναι
351 2365 497 2453 drudoni„
511 2382 703 2450 quamquam
723 2386 827 2449 nequa
843 2363 995 2450 ὑπάρχειν
1010 2365 1072 2429 huc
1083 2365 1167 2429 sotis
1182 2371 1259 2452 apte

159 2476 274 2543 referri
297 2475 436 2555 videtur,
456 2495 553 2560 quum
569 2475 657 2541 notio
672 2476 787 2564 ἀγαθῷ
808 2479 889 2550 εἶναι
902 2482 977 2540 tuuc
992 2476 1131 2556 subjecti
1142 2475 1260 2560 iocum,

159 2609 216 2657 res
237 2585 365 2668 ἀγαθόν
385 2586 564 2670 praedicati
587 2586 692 2652 lecum
714 2587 886 2671 obtineret,
909 2594 943 2653 et
962 2587 1084 2651 arctius
1107 2586 1191 2652 baec
1210 2608 1260 2653 co·

160 2698 299 2762 haerent
319 2717 392 2761 curu
415 2697 572 2780 proximis
593 2719 687 2782 quam
711 2719 782 2763 oum
807 2697 1035 2781 superioribus.
1072 2695 1140 2762 Sed
1162 2718 1260 2784 qnorn

52 2822 54 2826 “
161 2807 213 2872 his
234 2805 343 2872 verbis
365 2806 504 2892 scriptor
523 2807 640 2871 deinde
655 2829 723 2872 rem
739 2812 954 2892 persequatur
975 2804 1090 2889 ὁμοίως
1103 2808 1141 2872 ἀὲ
1154 2812 1263 2874 πάντα

161 2918 266 2983 ἐστὶν
287 2918 307 3002 ἢ
327 2914 428 2980 οὐθὲν
448 2916 489 2980 rot
509 2921 538 2980 rt
557 2915 598 3003 ἦν
618 2920 707 2981 εἶναι·
731 2919 809 2982 ὥστε
822 2920 851 2982 si
870 2917 949 3001 puris
970 2918 1010 2982 τὸ
1032 2919 1101 2984 ἀντι
1115 2920 1164 2994 ὄν,
1186 2917 1263 2985 οὐδὲ

160 3034 224 3093 τῶν
245 3027 350 3093 ἄλλων
371 3024 478 3101 οὐθέν,
500 3034 648 3112 apertum
671 3034 722 3093 est
743 3028 843 3092 etiam
866 3031 907 3092 ad
930 3049 972 3093 ea
991 3029 1106 3113 rerba,
1129 3032 1172 3095 de
1193 3031 1263 3119 qui·

159 3138 220 3216 bus
241 3138 386 3222 agimus,
412 3137 545 3203 verbum
572 3140 655 3202 εἶναι
675 3138 870 3222 cogitatione
891 3140 1073 3203 arideudum
1095 3147 1194 3225 atque
1215 3141 1265 3205 ita

161 3248 365 3311 scribentium
381 3270 472 3314 esses
492 3252 565 3315 ώσι*
585 3252 614 3313 εἰ
632 3250 711 3334 μηδὲ
732 3250 773 3315 τὸ
795 3249 911 3339 ἀγαθῷ
932 3251 1013 3313 εἶναι
1027 3248 1165 3330 ἀγαθόν,
1187 3250 1266 3317 soor

161 3357 203 3422 ro*
225 3357 294 3422 ὄντι
314 3357 368 3431 ὅν,
389 3357 527 3423 οὐδὲτὸ
549 3358 595 3423 ἑνὶ
616 3363 661 3424 ἐν.

249 3465 390 3531 Omnino
412 3467 567 3531 articulus
589 3469 780 3553 saepissime
802 3466 1006 3534 librariorum
1029 3471 1197 3536 erroribus
1219 3472 1265 3537 io·

124 3618 127 3623 -
161 3598 234 3643 cum
257 3579 356 3661 dedit,
378 3598 442 3641 nou
466 3576 644 3661 baseium,
666 3581 707 3643 dc
728 3579 843 3664 quibus
864 3581 930 3666 jaru
953 3581 1205 3669 disputavimus,
1226 3594 1264 3649 ut

163 3689 236 3770 ejus
267 3707 364 3751 casus
395 3687 651 3771 momorantur,
687 3690 744 3752 sed
776 3688 876 3754 etiam
909 3691 1002 3776 abis,
1038 3713 1137 3778 quum
1166 3698 1264 3761 medo

163 3796 320 3862 articulus
342 3798 511 3863 omittatur
531 3797 585 3861 ubi
608 3796 808 3887 adjiciendus
829 3801 883 3885 sit,
906 3804 999 3865 medo
1021 3802 1194 3891 adjiciatur
1209 3806 1264 3871 ubi

163 3909 279 3976 abesse
301 3909 436 3993 debeat,
463 3912 557 3975 modo
582 3909 624 3974 ab
647 3907 751 3973 altero
773 3910 905 3975 nomine
927 3910 969 3975 ad
991 3909 1131 3979 aiterum
1156 3925 1264 3981 trans·

162 4026 311 4104 ponatur.
355 4018 429 4093 tina
454 4019 583 4106 quidem
612 4019 644 4084 iu
672 4040 710 4087 re
735 4029 889 4107 quantum
911 4021 997 4089 inter
1016 4044 1055 4091 oe
1076 4024 1265 4113 discrepent
