<?xml version="1.0" encoding="UTF-8"?>
<!DOCTYPE html PUBLIC "-//W3C//DTD XHTML 1.0 Transitional//EN"
    "http://www.w3.org/TR/xhtml1/DTD/xhtml1-transitional.dtd">
<html xmlns="http://www.w3.org/1999/xhtml" xml:lang="en" lang="en">
 <head>
  <title>
</title>
<meta http-equiv="Content-Type" content="text/html;charset=utf-8" />
  <meta name='ocr-system' content='tesseract 3.04.00' />
  <meta name='ocr-capabilities' content='ocr_page ocr_carea ocr_par ocr_line ocrx_word'/>
</head>
<body>
  <div class='ocr_page' id='page_1' title='image "./observationescr00bonigoog_0058.png"; bbox 0 0 2602 4388; ppageno 0'>
   <div class='ocr_carea' id='block_1_1' title="bbox 1111 219 1151 290">
    <p class='ocr_par' dir='ltr' id='par_1_1' title="bbox 1111 219 1151 290">
     <span class='ocr_line' id='line_1_1' title="bbox 1111 219 1151 290; baseline 0 0"><span class='ocrx_word' id='word_1_1' title='bbox 1111 219 1151 290; x_wconf 72' lang='lat' dir='ltr'>dl</span> 
     </span>
    </p>
   </div>
   <div class='ocr_carea' id='block_1_2' title="bbox 10 374 1265 3903">
    <p class='ocr_par' dir='ltr' id='par_1_2' title="bbox 10 374 1265 3903">
     <span class='ocr_line' id='line_1_2' title="bbox 56 374 1152 467; baseline 0.01 -25"><span class='ocrx_word' id='word_1_2' title='bbox 56 374 127 443; x_wconf 89' lang='lat' dir='ltr'>libri</span> <span class='ocrx_word' id='word_1_3' title='bbox 161 378 371 464; x_wconf 86' lang='lat' dir='ltr'>manuscripti</span> <span class='ocrx_word' id='word_1_4' title='bbox 406 376 699 464; x_wconf 82' lang='lat' dir='ltr'>metaphysioorum</span> <span class='ocrx_word' id='word_1_5' title='bbox 733 385 767 445; x_wconf 85' lang='lat' dir='ltr'>et</span> <span class='ocrx_word' id='word_1_6' title='bbox 798 381 924 467; x_wconf 77' lang='lat' dir='ltr'>quoties</span> <span class='ocrx_word' id='word_1_7' title='bbox 956 405 978 450; x_wconf 92' lang='lat' dir='ltr'>a</span> <span class='ocrx_word' id='word_1_8' title='bbox 1009 385 1152 453; x_wconf 81' lang='lat' dir='ltr'>librariis</span> 
     </span>
     <span class='ocr_line' id='line_1_3' title="bbox 10 468 1151 583; baseline 0.01 -30"><span class='ocrx_word' id='word_1_9' title='bbox 10 468 12 475; x_wconf 28' lang='grc' dir='ltr'>Ι</span> <span class='ocrx_word' id='word_1_10' title='bbox 57 487 229 554; x_wconf 82' lang='lat' dir='ltr'>manifesto</span> <span class='ocrx_word' id='word_1_11' title='bbox 261 496 403 554; x_wconf 86' lang='lat' dir='ltr'>erratum</span> <span class='ocrx_word' id='word_1_12' title='bbox 438 490 499 573; x_wconf 86' lang='lat' dir='ltr'>sit,</span> <span class='ocrx_word' id='word_1_13' title='bbox 533 491 695 556; x_wconf 80' lang='lat' dir='ltr'>nerninem</span> <span class='ocrx_word' id='word_1_14' title='bbox 722 490 828 556; x_wconf 87' lang='lat' dir='ltr'>iatcro</span> <span class='ocrx_word' id='word_1_15' title='bbox 860 501 984 581; x_wconf 81' lang='lat' dir='ltr'>potest,</span> <span class='ocrx_word' id='word_1_16' title='bbox 1016 496 1069 583; x_wconf 83' lang='lat' dir='ltr'>qui</span> <span class='ocrx_word' id='word_1_17' title='bbox 1097 498 1151 564; x_wconf 83' lang='lat' dir='ltr'>vol</span> 
     </span>
     <span class='ocr_line' id='line_1_4' title="bbox 55 598 1151 692; baseline 0.006 -25"><span class='ocrx_word' id='word_1_18' title='bbox 55 598 300 667; x_wconf 85' lang='lat' dir='ltr'>Bakkorianam</span> <span class='ocrx_word' id='word_1_19' title='bbox 323 600 497 667; x_wconf 76' lang='lat' dir='ltr'>editionem</span> <span class='ocrx_word' id='word_1_20' title='bbox 516 622 588 665; x_wconf 75' lang='lat' dir='ltr'>curm</span> <span class='ocrx_word' id='word_1_21' title='bbox 604 600 824 686; x_wconf 84' lang='lat' dir='ltr'>superioribus</span> <span class='ocrx_word' id='word_1_22' title='bbox 838 605 1021 692; x_wconf 83' lang='lat' dir='ltr'>contulerit,</span> <span class='ocrx_word' id='word_1_23' title='bbox 1043 608 1096 675; x_wconf 88' lang='lat' dir='ltr'>vol</span> <span class='ocrx_word' id='word_1_24' title='bbox 1117 608 1151 674; x_wconf 90' lang='lat' dir='ltr'>in</span> 
     </span>
     <span class='ocr_line' id='line_1_5' title="bbox 54 705 1152 804; baseline 0.008 -28"><span class='ocrx_word' id='word_1_25' title='bbox 54 711 125 799; x_wconf 87' lang='lat' dir='ltr'>ipsa</span> <span class='ocrx_word' id='word_1_26' title='bbox 148 710 324 775; x_wconf 88' lang='lat' dir='ltr'>novissima</span> <span class='ocrx_word' id='word_1_27' title='bbox 346 711 486 776; x_wconf 82' lang='lat' dir='ltr'>editione</span> <span class='ocrx_word' id='word_1_28' title='bbox 509 711 655 776; x_wconf 85' lang='lat' dir='ltr'>ioctionis</span> <span class='ocrx_word' id='word_1_29' title='bbox 677 713 929 799; x_wconf 76' lang='lat' dir='ltr'>discrepantiam</span> <span class='ocrx_word' id='word_1_30' title='bbox 952 715 983 779; x_wconf 90' lang='lat' dir='ltr'>in</span> <span class='ocrx_word' id='word_1_31' title='bbox 1003 705 1152 804; x_wconf 80' lang='lat' dir='ltr'>margins</span> 
     </span>
     <span class='ocr_line' id='line_1_6' title="bbox 57 821 1151 906; baseline 0.006 -17"><span class='ocrx_word' id='word_1_32' title='bbox 57 829 222 889; x_wconf 88' lang='lat' dir='ltr'>onotatam</span> <span class='ocrx_word' id='word_1_33' title='bbox 245 821 509 906; x_wconf 81' lang='lat' dir='ltr'>perlustraverit3</span> <span class='ocrx_word' id='word_1_34' title='bbox 531 823 586 889; x_wconf 86' lang='lat' dir='ltr'>vix</span> <span class='ocrx_word' id='word_1_35' title='bbox 610 824 696 888; x_wconf 90' lang='lat' dir='ltr'>onim</span> <span class='ocrx_word' id='word_1_36' title='bbox 720 823 818 889; x_wconf 89' lang='lat' dir='ltr'>alium</span> <span class='ocrx_word' id='word_1_37' title='bbox 834 824 994 892; x_wconf 79' lang='lat' dir='ltr'>scribendi</span> <span class='ocrx_word' id='word_1_38' title='bbox 1007 850 1151 896; x_wconf 89' lang='lat' dir='ltr'>crrorom</span> 
     </span>
     <span class='ocr_line' id='line_1_7' title="bbox 56 933 1152 1021; baseline 0.004 -23"><span class='ocrx_word' id='word_1_39' title='bbox 56 933 186 1017; x_wconf 85' lang='lat' dir='ltr'>aacpius</span> <span class='ocrx_word' id='word_1_40' title='bbox 206 933 413 997; x_wconf 87' lang='lat' dir='ltr'>commissum</span> <span class='ocrx_word' id='word_1_41' title='bbox 434 935 564 1018; x_wconf 77' lang='lat' dir='ltr'>videas,</span> <span class='ocrx_word' id='word_1_42' title='bbox 591 955 687 1020; x_wconf 86' lang='lat' dir='ltr'>quarn</span> <span class='ocrx_word' id='word_1_43' title='bbox 714 935 766 1021; x_wconf 92' lang='lat' dir='ltr'>qui</span> <span class='ocrx_word' id='word_1_44' title='bbox 794 936 827 1000; x_wconf 94' lang='lat' dir='ltr'>in</span> <span class='ocrx_word' id='word_1_45' title='bbox 855 935 1036 1019; x_wconf 87' lang='lat' dir='ltr'>adjiciendo</span> <span class='ocrx_word' id='word_1_46' title='bbox 1061 939 1152 1002; x_wconf 83' lang='lat' dir='ltr'>omit·</span> 
     </span>
     <span class='ocr_line' id='line_1_8' title="bbox 56 1043 1153 1134; baseline 0.004 -24"><span class='ocrx_word' id='word_1_47' title='bbox 56 1046 153 1112; x_wconf 84' lang='lat' dir='ltr'>tando</span> <span class='ocrx_word' id='word_1_48' title='bbox 174 1047 417 1128; x_wconf 83' lang='lat' dir='ltr'>transponendo</span> <span class='ocrx_word' id='word_1_49' title='bbox 440 1043 577 1109; x_wconf 82' lang='lat' dir='ltr'>articulo</span> <span class='ocrx_word' id='word_1_50' title='bbox 598 1044 752 1113; x_wconf 85' lang='lat' dir='ltr'>cernitur.</span> <span class='ocrx_word' id='word_1_51' title='bbox 779 1046 893 1134; x_wconf 83' lang='lat' dir='ltr'>ltaque</span> <span class='ocrx_word' id='word_1_52' title='bbox 915 1047 969 1112; x_wconf 87' lang='lat' dir='ltr'>vix</span> <span class='ocrx_word' id='word_1_53' title='bbox 992 1049 1153 1130; x_wconf 82' lang='lat' dir='ltr'>conjectu·</span> 
     </span>
     <span class='ocr_line' id='line_1_9' title="bbox 55 1153 1154 1242; baseline 0.001 -21"><span class='ocrx_word' id='word_1_54' title='bbox 55 1176 112 1221; x_wconf 85' lang='lat' dir='ltr'>raa</span> <span class='ocrx_word' id='word_1_55' title='bbox 135 1153 266 1218; x_wconf 84' lang='lat' dir='ltr'>nomine</span> <span class='ocrx_word' id='word_1_56' title='bbox 289 1153 395 1218; x_wconf 87' lang='lat' dir='ltr'>notari</span> <span class='ocrx_word' id='word_1_57' title='bbox 418 1155 553 1239; x_wconf 83' lang='lat' dir='ltr'>poterit,</span> <span class='ocrx_word' id='word_1_58' title='bbox 581 1155 607 1218; x_wconf 86' lang='lat' dir='ltr'>si</span> <span class='ocrx_word' id='word_1_59' title='bbox 636 1154 757 1242; x_wconf 82' lang='lat' dir='ltr'>aliquot</span> <span class='ocrx_word' id='word_1_60' title='bbox 783 1155 864 1222; x_wconf 84' lang='lat' dir='ltr'>locis</span> <span class='ocrx_word' id='word_1_61' title='bbox 888 1157 1059 1242; x_wconf 75' lang='lat' dir='ltr'>flagitante</span> <span class='ocrx_word' id='word_1_62' title='bbox 1082 1181 1154 1224; x_wconf 83' lang='lat' dir='ltr'>acn-</span> 
     </span>
     <span class='ocr_line' id='line_1_10' title="bbox 57 1264 1154 1355; baseline 0.005 -24"><span class='ocrx_word' id='word_1_63' title='bbox 57 1266 179 1333; x_wconf 85' lang='lat' dir='ltr'>tantiae</span> <span class='ocrx_word' id='word_1_64' title='bbox 201 1265 328 1330; x_wconf 87' lang='lat' dir='ltr'>rationo</span> <span class='ocrx_word' id='word_1_65' title='bbox 350 1271 384 1330; x_wconf 84' lang='lat' dir='ltr'>ot</span> <span class='ocrx_word' id='word_1_66' title='bbox 405 1264 671 1332; x_wconf 72' lang='lat' dir='ltr'>confirmantibus</span> <span class='ocrx_word' id='word_1_67' title='bbox 694 1266 768 1332; x_wconf 83' lang='lat' dir='ltr'>aliis</span> <span class='ocrx_word' id='word_1_68' title='bbox 789 1266 882 1353; x_wconf 83' lang='lat' dir='ltr'>locis,</span> <span class='ocrx_word' id='word_1_69' title='bbox 903 1266 957 1355; x_wconf 85' lang='lat' dir='ltr'>qui</span> <span class='ocrx_word' id='word_1_70' title='bbox 981 1269 1021 1332; x_wconf 91' lang='lat' dir='ltr'>do</span> <span class='ocrx_word' id='word_1_71' title='bbox 1038 1271 1154 1336; x_wconf 89' lang='lat' dir='ltr'>oadcm</span> 
     </span>
     <span class='ocr_line' id='line_1_11' title="bbox 58 1376 1155 1464; baseline 0.002 -21"><span class='ocrx_word' id='word_1_72' title='bbox 58 1401 92 1443; x_wconf 88' lang='lat' dir='ltr'>rc</span> <span class='ocrx_word' id='word_1_73' title='bbox 120 1383 216 1460; x_wconf 90' lang='lat' dir='ltr'>sunt,</span> <span class='ocrx_word' id='word_1_74' title='bbox 243 1378 338 1442; x_wconf 92' lang='lat' dir='ltr'>modo</span> <span class='ocrx_word' id='word_1_75' title='bbox 366 1376 539 1441; x_wconf 80' lang='lat' dir='ltr'>restituero</span> <span class='ocrx_word' id='word_1_76' title='bbox 567 1378 739 1464; x_wconf 83' lang='lat' dir='ltr'>omissum,</span> <span class='ocrx_word' id='word_1_77' title='bbox 771 1380 866 1444; x_wconf 90' lang='lat' dir='ltr'>modo</span> <span class='ocrx_word' id='word_1_78' title='bbox 894 1376 1044 1444; x_wconf 80' lang='lat' dir='ltr'>omittere</span> <span class='ocrx_word' id='word_1_79' title='bbox 1070 1379 1155 1445; x_wconf 85' lang='lat' dir='ltr'>falso</span> 
     </span>
     <span class='ocr_line' id='line_1_12' title="bbox 58 1485 1159 1576; baseline 0.003 -22"><span class='ocrx_word' id='word_1_80' title='bbox 58 1491 219 1571; x_wconf 79' lang='lat' dir='ltr'>adjectum</span> <span class='ocrx_word' id='word_1_81' title='bbox 242 1488 411 1553; x_wconf 86' lang='lat' dir='ltr'>articulum</span> <span class='ocrx_word' id='word_1_82' title='bbox 435 1488 632 1554; x_wconf 80' lang='lat' dir='ltr'>conabimur.</span> <span class='ocrx_word' id='word_1_83' title='bbox 676 1485 728 1552; x_wconf 88' lang='lat' dir='ltr'>Ac</span> <span class='ocrx_word' id='word_1_84' title='bbox 750 1488 851 1553; x_wconf 83' lang='lat' dir='ltr'>mutto</span> <span class='ocrx_word' id='word_1_85' title='bbox 872 1489 1000 1575; x_wconf 85' lang='lat' dir='ltr'>quidem</span> <span class='ocrx_word' id='word_1_86' title='bbox 1024 1491 1159 1576; x_wconf 78' lang='lat' dir='ltr'>saepius</span> 
     </span>
     <span class='ocr_line' id='line_1_13' title="bbox 58 1598 1154 1684; baseline -0.002 -18"><span class='ocrx_word' id='word_1_87' title='bbox 58 1599 392 1683; x_wconf 76' lang='lat' dir='ltr'>ornataphysioorum</span> <span class='ocrx_word' id='word_1_88' title='bbox 417 1605 528 1680; x_wconf 78' lang='lat' dir='ltr'>textu,</span> <span class='ocrx_word' id='word_1_89' title='bbox 554 1598 682 1684; x_wconf 88' lang='lat' dir='ltr'>quaiom</span> <span class='ocrx_word' id='word_1_90' title='bbox 706 1620 790 1663; x_wconf 91' lang='lat' dir='ltr'>nuno</span> <span class='ocrx_word' id='word_1_91' title='bbox 811 1598 988 1684; x_wconf 74' lang='lat' dir='ltr'>habemus,</span> <span class='ocrx_word' id='word_1_92' title='bbox 1008 1601 1154 1666; x_wconf 83' lang='lat' dir='ltr'>oximor-</span> 
     </span>
     <span class='ocr_line' id='line_1_14' title="bbox 55 1709 1154 1794; baseline -0.003 -17"><span class='ocrx_word' id='word_1_93' title='bbox 55 1715 115 1777; x_wconf 77' lang='lat' dir='ltr'>‘dns</span> <span class='ocrx_word' id='word_1_94' title='bbox 139 1709 266 1775; x_wconf 85' lang='lat' dir='ltr'>videtur</span> <span class='ocrx_word' id='word_1_95' title='bbox 288 1709 456 1794; x_wconf 73' lang='lat' dir='ltr'>antinoios,</span> <span class='ocrx_word' id='word_1_96' title='bbox 477 1724 571 1794; x_wconf 89' lang='lat' dir='ltr'>quam</span> <span class='ocrx_word' id='word_1_97' title='bbox 595 1709 624 1773; x_wconf 89' lang='lat' dir='ltr'>oi</span> <span class='ocrx_word' id='word_1_98' title='bbox 648 1709 825 1772; x_wconf 76' lang='lat' dir='ltr'>addendus.</span> <span class='ocrx_word' id='word_1_99' title='bbox 859 1711 1154 1794; x_wconf 72' lang='grc' dir='ltr'>Β,1.ρ.9951ι27.</span> 
     </span>
     <span class='ocr_line' id='line_1_15' title="bbox 59 1817 1156 1908; baseline 0.001 -22"><span class='ocrx_word' id='word_1_100' title='bbox 59 1824 130 1907; x_wconf 86' lang='lat' dir='ltr'>(Br.</span> <span class='ocrx_word' id='word_1_101' title='bbox 151 1827 207 1906; x_wconf 78' lang='grc'>41,</span> <span class='ocrx_word' id='word_1_102' title='bbox 229 1819 296 1905; x_wconf 80' lang='grc'><strong>30.)</strong></span> <span class='ocrx_word' id='word_1_103' title='bbox 338 1825 390 1884; x_wconf 78' lang='grc' dir='ltr'>καὶ</span> <span class='ocrx_word' id='word_1_104' title='bbox 411 1821 545 1906; x_wconf 73' lang='grc' dir='ltr'><strong><em>πότερον</em></strong></span> <span class='ocrx_word' id='word_1_105' title='bbox 566 1817 601 1883; x_wconf 76' lang='grc' dir='ltr'>αἳ</span> <span class='ocrx_word' id='word_1_106' title='bbox 621 1817 715 1903; x_wconf 80' lang='grc' dir='ltr'><strong><em>ἀρχαὶ</em></strong></span> <span class='ocrx_word' id='word_1_107' title='bbox 735 1824 788 1884; x_wconf 84' lang='grc' dir='ltr'>καὶ</span> <span class='ocrx_word' id='word_1_108' title='bbox 808 1820 848 1883; x_wconf 78' lang='lat' dir='ltr'>roi</span> <span class='ocrx_word' id='word_1_109' title='bbox 868 1830 1004 1902; x_wconf 74' lang='grc' dir='ltr'><strong><em>στοιχεῖα</em></strong></span> <span class='ocrx_word' id='word_1_110' title='bbox 1024 1821 1065 1886; x_wconf 77' lang='lat' dir='ltr'>coi</span> <span class='ocrx_word' id='word_1_111' title='bbox 1084 1827 1156 1908; x_wconf 79' lang='grc' dir='ltr'><strong><em>γένη·</em></strong></span> 
     </span>
     <span class='ocr_line' id='line_1_16' title="bbox 57 1930 1157 2020; baseline -0.003 -21"><span class='ocrx_word' id='word_1_112' title='bbox 57 1934 182 2020; x_wconf 75' lang='grc' dir='ltr'><strong><em>ἕστὶνῆ</em></strong></span> <span class='ocrx_word' id='word_1_113' title='bbox 203 1933 247 2006; x_wconf 75' lang='grc' dir='ltr'>εἰς</span> <span class='ocrx_word' id='word_1_114' title='bbox 267 1935 290 1994; x_wconf 85' lang='grc' dir='ltr'><strong><em>ἀ</em></strong></span> <span class='ocrx_word' id='word_1_115' title='bbox 311 1930 479 2017; x_wconf 70' lang='grc' dir='ltr'><strong><em>διαιρεῖται</em></strong></span> <span class='ocrx_word' id='word_1_116' title='bbox 499 1931 715 2014; x_wconf 75' lang='grc' dir='ltr'><strong><em>ἐνυπάρχοντα</em></strong></span> <span class='ocrx_word' id='word_1_117' title='bbox 736 1934 877 1994; x_wconf 79' lang='grc' dir='ltr'><strong><em>ἕκαστον·</em></strong></span> <span class='ocrx_word' id='word_1_118' title='bbox 904 1936 956 1994; x_wconf 80' lang='grc' dir='ltr'>καὶ</span> <span class='ocrx_word' id='word_1_119' title='bbox 970 1933 999 1996; x_wconf 80' lang='lat' dir='ltr'>ai</span> <span class='ocrx_word' id='word_1_120' title='bbox 1018 1932 1057 1996; x_wconf 81' lang='grc' dir='ltr'><strong><em>τά</em></strong></span> <span class='ocrx_word' id='word_1_121' title='bbox 1077 1937 1157 2020; x_wconf 81' lang='grc' dir='ltr'><strong><em>γένη,</em></strong></span> 
     </span>
     <span class='ocr_line' id='line_1_17' title="bbox 58 2040 1157 2130; baseline -0.003 -19"><span class='ocrx_word' id='word_1_122' title='bbox 58 2048 195 2129; x_wconf 75' lang='grc' dir='ltr'><strong><em>πότερον</em></strong></span> <span class='ocrx_word' id='word_1_123' title='bbox 215 2044 275 2108; x_wconf 83' lang='grc' dir='ltr'>ὅσα</span> <span class='ocrx_word' id='word_1_124' title='bbox 289 2041 348 2130; x_wconf 65' lang='grc' dir='ltr'>ἐπὶ</span> <span class='ocrx_word' id='word_1_125' title='bbox 369 2051 434 2116; x_wconf 75' lang='grc' dir='ltr'><strong><em>τοῖς</em></strong></span> <span class='ocrx_word' id='word_1_126' title='bbox 455 2040 583 2125; x_wconf 84' lang='grc' dir='ltr'><strong><em>ἀτόμοις</em></strong></span> <span class='ocrx_word' id='word_1_127' title='bbox 608 2040 728 2121; x_wconf 71' lang='grc' dir='ltr'><strong><em>λέγεται</em></strong></span> <span class='ocrx_word' id='word_1_128' title='bbox 756 2041 918 2106; x_wconf 78' lang='grc' dir='ltr'><strong><em>τελευταῖα</em></strong></span> <span class='ocrx_word' id='word_1_129' title='bbox 938 2043 959 2130; x_wconf 78' lang='grc' dir='ltr'><em>ἢ</em></span> <span class='ocrx_word' id='word_1_130' title='bbox 980 2043 1019 2107; x_wconf 77' lang='lat' dir='ltr'>cci</span> <span class='ocrx_word' id='word_1_131' title='bbox 1039 2049 1157 2128; x_wconf 73' lang='grc' dir='ltr'><strong><em>πρῶτα,</em></strong></span> 
     </span>
     <span class='ocr_line' id='line_1_18' title="bbox 59 2149 1156 2240; baseline -0.003 -18"><span class='ocrx_word' id='word_1_132' title='bbox 59 2156 129 2222; x_wconf 77' lang='grc' dir='ltr'><strong><em>οἷον</em></strong></span> <span class='ocrx_word' id='word_1_133' title='bbox 155 2157 290 2236; x_wconf 81' lang='grc' dir='ltr'><strong><em>πότερον</em></strong></span> <span class='ocrx_word' id='word_1_134' title='bbox 317 2151 395 2240; x_wconf 72' lang='grc' dir='ltr'><strong><em>ζῷον</em></strong></span> <span class='ocrx_word' id='word_1_135' title='bbox 420 2152 440 2236; x_wconf 80' lang='grc' dir='ltr'><em>ἢ</em></span> <span class='ocrx_word' id='word_1_136' title='bbox 467 2150 640 2236; x_wconf 70' lang='grc' dir='ltr'><strong><em>ἄνθρωπος</em></strong></span> <span class='ocrx_word' id='word_1_137' title='bbox 662 2149 739 2237; x_wconf 85' lang='grc' dir='ltr'><strong><em>ἀρχή</em></strong></span> <span class='ocrx_word' id='word_1_138' title='bbox 766 2152 829 2216; x_wconf 78' lang='grc' dir='ltr'>κτλ.</span> <span class='ocrx_word' id='word_1_139' title='bbox 877 2151 1022 2234; x_wconf 75' lang='lat' dir='ltr'>Strbjeoti</span> <span class='ocrx_word' id='word_1_140' title='bbox 1050 2155 1156 2219; x_wconf 91' lang='lat' dir='ltr'>loomn</span> 
     </span>
     <span class='ocr_line' id='line_1_19' title="bbox 59 2260 1159 2350; baseline -0.004 -18"><span class='ocrx_word' id='word_1_141' title='bbox 59 2268 186 2333; x_wconf 85' lang='lat' dir='ltr'>obtinet</span> <span class='ocrx_word' id='word_1_142' title='bbox 206 2265 245 2329; x_wconf 87' lang='grc' dir='ltr'><strong><em>τά</em></strong></span> <span class='ocrx_word' id='word_1_143' title='bbox 266 2265 337 2349; x_wconf 74' lang='grc' dir='ltr'>γένη</span> <span class='ocrx_word' id='word_1_144' title='bbox 358 2288 377 2347; x_wconf 86' lang='grc' dir='ltr'><em>η</em></span> <span class='ocrx_word' id='word_1_145' title='bbox 398 2262 441 2337; x_wconf 79' lang='grc' dir='ltr'>εἷς</span> <span class='ocrx_word' id='word_1_146' title='bbox 457 2263 478 2325; x_wconf 83' lang='lat' dir='ltr'>o‘i</span> <span class='ocrx_word' id='word_1_147' title='bbox 493 2260 658 2345; x_wconf 77' lang='grc' dir='ltr'><strong><em>διαιρεῖται</em></strong></span> <span class='ocrx_word' id='word_1_148' title='bbox 674 2260 890 2346; x_wconf 73' lang='grc' dir='ltr'><strong><em>ἐνυπάρχοντα</em></strong></span> <span class='ocrx_word' id='word_1_149' title='bbox 905 2265 1042 2341; x_wconf 77' lang='grc' dir='ltr'><strong><em>ἕκαστον,</em></strong></span> <span class='ocrx_word' id='word_1_150' title='bbox 1063 2286 1159 2350; x_wconf 86' lang='lat' dir='ltr'>prac-</span> 
     </span>
     <span class='ocr_line' id='line_1_20' title="bbox 60 2369 1157 2459; baseline -0.006 -14"><span class='ocrx_word' id='word_1_151' title='bbox 60 2380 188 2444; x_wconf 88' lang='lat' dir='ltr'>dicatur</span> <span class='ocrx_word' id='word_1_152' title='bbox 202 2379 242 2440; x_wconf 86' lang='lat' dir='ltr'>do</span> <span class='ocrx_word' id='word_1_153' title='bbox 257 2375 297 2437; x_wconf 89' lang='lat' dir='ltr'>iis</span> <span class='ocrx_word' id='word_1_154' title='bbox 312 2373 413 2456; x_wconf 78' lang='grc' dir='ltr'><strong><em>ἀρχαί,</em></strong></span> <span class='ocrx_word' id='word_1_155' title='bbox 435 2381 578 2453; x_wconf 78' lang='grc' dir='ltr'><strong><em>στοιχεῖα.</em></strong></span> <span class='ocrx_word' id='word_1_156' title='bbox 614 2369 688 2435; x_wconf 87' lang='lat' dir='ltr'>Hoc</span> <span class='ocrx_word' id='word_1_157' title='bbox 703 2371 787 2434; x_wconf 88' lang='lat' dir='ltr'>onim</span> <span class='ocrx_word' id='word_1_158' title='bbox 804 2371 932 2458; x_wconf 80' lang='lat' dir='ltr'>quaerit</span> <span class='ocrx_word' id='word_1_159' title='bbox 947 2371 1157 2459; x_wconf 81' lang='lat' dir='ltr'>Aristotcles,</span> 
     </span>
     <span class='ocr_line' id='line_1_21' title="bbox 59 2478 1159 2572; baseline -0.005 -16"><span class='ocrx_word' id='word_1_160' title='bbox 59 2497 168 2556; x_wconf 83' lang='lat' dir='ltr'>utrum</span> <span class='ocrx_word' id='word_1_161' title='bbox 190 2505 315 2572; x_wconf 80' lang='lat' dir='ltr'>genera</span> <span class='ocrx_word' id='word_1_162' title='bbox 336 2504 446 2547; x_wconf 85' lang='lat' dir='ltr'>rarum</span> <span class='ocrx_word' id='word_1_163' title='bbox 469 2502 510 2545; x_wconf 90' lang='lat' dir='ltr'>an</span> <span class='ocrx_word' id='word_1_164' title='bbox 533 2503 593 2547; x_wconf 84' lang='lat' dir='ltr'>aaa</span> <span class='ocrx_word' id='word_1_165' title='bbox 616 2487 738 2566; x_wconf 84' lang='lat' dir='ltr'>partes,</span> <span class='ocrx_word' id='word_1_166' title='bbox 754 2478 786 2544; x_wconf 93' lang='lat' dir='ltr'>in</span> <span class='ocrx_word' id='word_1_167' title='bbox 802 2502 884 2567; x_wconf 89' lang='lat' dir='ltr'>quas</span> <span class='ocrx_word' id='word_1_168' title='bbox 906 2480 978 2568; x_wconf 85' lang='lat' dir='ltr'>ipsa</span> <span class='ocrx_word' id='word_1_169' title='bbox 1001 2505 1056 2549; x_wconf 84' lang='lat' dir='ltr'>ros</span> <span class='ocrx_word' id='word_1_170' title='bbox 1078 2485 1159 2551; x_wconf 88' lang='lat' dir='ltr'>divi·</span> 
     </span>
     <span class='ocr_line' id='line_1_22' title="bbox 60 2591 1160 2684; baseline -0.005 -17"><span class='ocrx_word' id='word_1_171' title='bbox 60 2603 165 2684; x_wconf 87' lang='lat' dir='ltr'>ditur,</span> <span class='ocrx_word' id='word_1_172' title='bbox 195 2617 254 2682; x_wconf 91' lang='lat' dir='ltr'>pro</span> <span class='ocrx_word' id='word_1_173' title='bbox 282 2593 450 2679; x_wconf 77' lang='lat' dir='ltr'>principiis</span> <span class='ocrx_word' id='word_1_174' title='bbox 470 2599 504 2656; x_wconf 88' lang='lat' dir='ltr'>at</span> <span class='ocrx_word' id='word_1_175' title='bbox 529 2591 699 2657; x_wconf 84' lang='lat' dir='ltr'>cieraantis</span> <span class='ocrx_word' id='word_1_176' title='bbox 722 2591 770 2656; x_wconf 86' lang='lat' dir='ltr'>roi</span> <span class='ocrx_word' id='word_1_177' title='bbox 792 2591 942 2657; x_wconf 82' lang='lat' dir='ltr'>habenda</span> <span class='ocrx_word' id='word_1_178' title='bbox 963 2592 1037 2659; x_wconf 85' lang='lat' dir='ltr'>sint.</span> <span class='ocrx_word' id='word_1_179' title='bbox 1080 2595 1160 2662; x_wconf 80' lang='lat' dir='ltr'>dam</span> 
     </span>
     <span class='ocr_line' id='line_1_23' title="bbox 60 2701 1161 2802; baseline -0.002 -26"><span class='ocrx_word' id='word_1_180' title='bbox 60 2733 158 2802; x_wconf 88' lang='lat' dir='ltr'>quum</span> <span class='ocrx_word' id='word_1_181' title='bbox 183 2709 363 2788; x_wconf 83' lang='lat' dir='ltr'>subjectum</span> <span class='ocrx_word' id='word_1_182' title='bbox 386 2725 446 2768; x_wconf 80' lang='lat' dir='ltr'>sua</span> <span class='ocrx_word' id='word_1_183' title='bbox 467 2709 585 2767; x_wconf 87' lang='lat' dir='ltr'>natura</span> <span class='ocrx_word' id='word_1_184' title='bbox 607 2701 768 2766; x_wconf 81' lang='lat' dir='ltr'>adsciscat</span> <span class='ocrx_word' id='word_1_185' title='bbox 789 2701 973 2787; x_wconf 83' lang='lat' dir='ltr'>articulum,</span> <span class='ocrx_word' id='word_1_186' title='bbox 995 2708 1161 2790; x_wconf 80' lang='lat' dir='ltr'>praedica·</span> 
     </span>
     <span class='ocr_line' id='line_1_24' title="bbox 58 2813 1161 2903; baseline -0.005 -14"><span class='ocrx_word' id='word_1_187' title='bbox 58 2831 129 2890; x_wconf 83' lang='lat' dir='ltr'>tum</span> <span class='ocrx_word' id='word_1_188' title='bbox 147 2825 273 2903; x_wconf 78' lang='lat' dir='ltr'>contra,</span> <span class='ocrx_word' id='word_1_189' title='bbox 292 2814 354 2880; x_wconf 89' lang='lat' dir='ltr'>nisi</span> <span class='ocrx_word' id='word_1_190' title='bbox 371 2813 546 2898; x_wconf 67' lang='lat' dir='ltr'>singularis</span> <span class='ocrx_word' id='word_1_191' title='bbox 561 2814 718 2899; x_wconf 83' lang='lat' dir='ltr'>quaedam</span> <span class='ocrx_word' id='word_1_192' title='bbox 735 2814 881 2895; x_wconf 76' lang='lat' dir='ltr'>gravitas</span> <span class='ocrx_word' id='word_1_193' title='bbox 896 2814 948 2881; x_wconf 86' lang='lat' dir='ltr'>vei</span> <span class='ocrx_word' id='word_1_194' title='bbox 964 2814 1029 2880; x_wconf 85' lang='lat' dir='ltr'>alia</span> <span class='ocrx_word' id='word_1_195' title='bbox 1043 2839 1161 2885; x_wconf 83' lang='lat' dir='ltr'>caussa</span> 
     </span>
     <span class='ocr_line' id='line_1_25' title="bbox 61 2923 1162 3011; baseline -0.008 -9"><span class='ocrx_word' id='word_1_196' title='bbox 61 2931 180 3002; x_wconf 72' lang='lat' dir='ltr'>similis</span> <span class='ocrx_word' id='word_1_197' title='bbox 202 2927 396 3011; x_wconf 83' lang='lat' dir='ltr'>accesserit,</span> <span class='ocrx_word' id='word_1_198' title='bbox 425 2928 561 2992; x_wconf 86' lang='lat' dir='ltr'>cundcm</span> <span class='ocrx_word' id='word_1_199' title='bbox 584 2930 736 3009; x_wconf 83' lang='lat' dir='ltr'>respuat,</span> <span class='ocrx_word' id='word_1_200' title='bbox 757 2930 834 2989; x_wconf 84' lang='lat' dir='ltr'>anto</span> <span class='ocrx_word' id='word_1_201' title='bbox 856 2923 950 3011; x_wconf 71' lang='lat' dir='ltr'>cippati</span> <span class='ocrx_word' id='word_1_202' title='bbox 970 2932 1005 2991; x_wconf 81' lang='lat' dir='ltr'>ct</span> <span class='ocrx_word' id='word_1_203' title='bbox 1025 2938 1162 3009; x_wconf 75' lang='grc' dir='ltr'><strong><em>στοιχεῖα</em></strong></span> 
     </span>
     <span class='ocr_line' id='line_1_26' title="bbox 62 3031 1163 3112; baseline -0.007 -3"><span class='ocrx_word' id='word_1_204' title='bbox 62 3042 219 3112; x_wconf 70' lang='lat' dir='ltr'>articulos</span> <span class='ocrx_word' id='word_1_205' title='bbox 242 3038 277 3104; x_wconf 83' lang='lat' dir='ltr'>oi</span> <span class='ocrx_word' id='word_1_206' title='bbox 297 3044 331 3102; x_wconf 86' lang='lat' dir='ltr'>ct</span> <span class='ocrx_word' id='word_1_207' title='bbox 352 3041 392 3101; x_wconf 79' lang='grc' dir='ltr'>τά</span> <span class='ocrx_word' id='word_1_208' title='bbox 414 3038 569 3102; x_wconf 76' lang='lat' dir='ltr'>delendo·</span> <span class='ocrx_word' id='word_1_209' title='bbox 591 3055 718 3100; x_wconf 83' lang='lat' dir='ltr'>censeo.</span> <span class='ocrx_word' id='word_1_210' title='bbox 756 3031 850 3105; x_wconf 76' lang='lat' dir='ltr'>Quod</span> <span class='ocrx_word' id='word_1_211' title='bbox 865 3055 907 3098; x_wconf 87' lang='lat' dir='ltr'>na</span> <span class='ocrx_word' id='word_1_212' title='bbox 929 3033 1041 3099; x_wconf 85' lang='lat' dir='ltr'>vidcar</span> <span class='ocrx_word' id='word_1_213' title='bbox 1062 3035 1163 3102; x_wconf 84' lang='lat' dir='ltr'>anxia</span> 
     </span>
     <span class='ocr_line' id='line_1_27' title="bbox 62 3143 1221 3247; baseline -0.008 -25"><span class='ocrx_word' id='word_1_214' title='bbox 62 3158 203 3247; x_wconf 88' lang='lat' dir='ltr'>quadam</span> <span class='ocrx_word' id='word_1_215' title='bbox 220 3148 430 3215; x_wconf 87' lang='lat' dir='ltr'>formularum</span> <span class='ocrx_word' id='word_1_216' title='bbox 446 3145 730 3231; x_wconf 80' lang='lat' dir='ltr'>grammaticarum</span> <span class='ocrx_word' id='word_1_217' title='bbox 746 3143 904 3226; x_wconf 76' lang='lat' dir='ltr'>reiigione</span> <span class='ocrx_word' id='word_1_218' title='bbox 920 3150 1076 3230; x_wconf 83' lang='lat' dir='ltr'>statuero,</span> <span class='ocrx_word' id='word_1_219' title='bbox 1092 3146 1163 3232; x_wconf 81' lang='lat' dir='ltr'>ipsc</span> <span class='ocrx_word' id='word_1_220' title='bbox 1218 3234 1221 3241; x_wconf 24' lang='grc' dir='ltr'>Ι</span> 
     </span>
     <span class='ocr_line' id='line_1_28' title="bbox 62 3252 1163 3341; baseline -0.006 -10"><span class='ocrx_word' id='word_1_221' title='bbox 62 3263 265 3336; x_wconf 82' lang='lat' dir='ltr'>Aristotcles</span> <span class='ocrx_word' id='word_1_222' title='bbox 287 3284 339 3326; x_wconf 86' lang='lat' dir='ltr'>mc</span> <span class='ocrx_word' id='word_1_223' title='bbox 361 3257 529 3336; x_wconf 79' lang='lat' dir='ltr'>riafcndat3</span> <span class='ocrx_word' id='word_1_224' title='bbox 552 3275 690 3341; x_wconf 84' lang='lat' dir='ltr'>namquo</span> <span class='ocrx_word' id='word_1_225' title='bbox 712 3259 746 3319; x_wconf 86' lang='lat' dir='ltr'>ct</span> <span class='ocrx_word' id='word_1_226' title='bbox 768 3253 827 3319; x_wconf 93' lang='lat' dir='ltr'>hoc</span> <span class='ocrx_word' id='word_1_227' title='bbox 849 3252 919 3338; x_wconf 85' lang='lat' dir='ltr'>ipso</span> <span class='ocrx_word' id='word_1_228' title='bbox 940 3253 1009 3321; x_wconf 89' lang='lat' dir='ltr'>loco</span> <span class='ocrx_word' id='word_1_229' title='bbox 1025 3256 1163 3341; x_wconf 75' lang='lat' dir='ltr'>legimus</span> 
     </span>
     <span class='ocr_line' id='line_1_29' title="bbox 63 3361 1162 3462; baseline -0.012 -20"><span class='ocrx_word' id='word_1_230' title='bbox 63 3377 135 3444; x_wconf 78' lang='grc' dir='ltr'><strong><em>οἷον</em></strong></span> <span class='ocrx_word' id='word_1_231' title='bbox 161 3375 294 3459; x_wconf 83' lang='grc' dir='ltr'><strong><em>πότερον</em></strong></span> <span class='ocrx_word' id='word_1_232' title='bbox 321 3372 399 3462; x_wconf 77' lang='grc' dir='ltr'><strong><em>ζῷον</em></strong></span> <span class='ocrx_word' id='word_1_233' title='bbox 424 3372 445 3456; x_wconf 79' lang='grc' dir='ltr'><em>ἢ</em></span> <span class='ocrx_word' id='word_1_234' title='bbox 472 3367 643 3451; x_wconf 72' lang='grc' dir='ltr'><strong><em>ἄνθρωπος</em></strong></span> <span class='ocrx_word' id='word_1_235' title='bbox 670 3363 761 3450; x_wconf 79' lang='grc' dir='ltr'><strong><em>ἀρχή,</em></strong></span> <span class='ocrx_word' id='word_1_236' title='bbox 788 3385 852 3427; x_wconf 94' lang='lat' dir='ltr'>non</span> <span class='ocrx_word' id='word_1_237' title='bbox 879 3361 899 3452; x_wconf 77' lang='grc' dir='ltr'><em>ἢ</em></span> <span class='ocrx_word' id='word_1_238' title='bbox 927 3364 1017 3453; x_wconf 80' lang='grc' dir='ltr'><strong><em>ἀρχή,</em></strong></span> <span class='ocrx_word' id='word_1_239' title='bbox 1047 3375 1080 3433; x_wconf 84' lang='lat' dir='ltr'>at</span> <span class='ocrx_word' id='word_1_240' title='bbox 1108 3369 1162 3432; x_wconf 87' lang='lat' dir='ltr'>ubi</span> 
     </span>
     <span class='ocr_line' id='line_1_30' title="bbox 64 3472 1165 3569; baseline -0.01 -14"><span class='ocrx_word' id='word_1_241' title='bbox 64 3491 107 3555; x_wconf 91' lang='lat' dir='ltr'>ad</span> <span class='ocrx_word' id='word_1_242' title='bbox 124 3487 261 3551; x_wconf 87' lang='lat' dir='ltr'>eandam</span> <span class='ocrx_word' id='word_1_243' title='bbox 278 3482 498 3569; x_wconf 82' lang='lat' dir='ltr'>quaestionem</span> <span class='ocrx_word' id='word_1_244' title='bbox 516 3479 600 3542; x_wconf 84' lang='lat' dir='ltr'>redit</span> <span class='ocrx_word' id='word_1_245' title='bbox 616 3488 751 3558; x_wconf 82' lang='grc' dir='ltr'><strong><em>στοιχεῖα</em></strong></span> <span class='ocrx_word' id='word_1_246' title='bbox 763 3481 795 3540; x_wconf 88' lang='lat' dir='ltr'>ot</span> <span class='ocrx_word' id='word_1_247' title='bbox 811 3472 904 3560; x_wconf 82' lang='grc' dir='ltr'><strong><em>ἀρχαί</em></strong></span> <span class='ocrx_word' id='word_1_248' title='bbox 924 3482 960 3539; x_wconf 92' lang='lat' dir='ltr'>ut</span> <span class='ocrx_word' id='word_1_249' title='bbox 974 3474 1165 3560; x_wconf 79' lang='lat' dir='ltr'>praedicata</span> 
     </span>
     <span class='ocr_line' id='line_1_31' title="bbox 64 3586 1165 3674; baseline -0.011 -9"><span class='ocrx_word' id='word_1_250' title='bbox 64 3602 139 3665; x_wconf 84' lang='lat' dir='ltr'>sina</span> <span class='ocrx_word' id='word_1_251' title='bbox 166 3594 303 3661; x_wconf 86' lang='lat' dir='ltr'>articulo</span> <span class='ocrx_word' id='word_1_252' title='bbox 332 3592 442 3655; x_wconf 83' lang='lat' dir='ltr'>scribit</span> <span class='ocrx_word' id='word_1_253' title='bbox 462 3598 503 3668; x_wconf 87' lang='lat' dir='ltr'>B,</span> <span class='ocrx_word' id='word_1_254' title='bbox 524 3597 554 3661; x_wconf 84' lang='lat'>3.</span> <span class='ocrx_word' id='word_1_255' title='bbox 578 3612 607 3674; x_wconf 89' lang='lat' dir='ltr'>p.</span> <span class='ocrx_word' id='word_1_256' title='bbox 629 3592 780 3659; x_wconf 76' lang='lat' dir='ltr'>998a20.</span> <span class='ocrx_word' id='word_1_257' title='bbox 817 3589 888 3667; x_wconf 79' lang='grc' dir='ltr'>περί</span> <span class='ocrx_word' id='word_1_258' title='bbox 907 3610 940 3649; x_wconf 81' lang='grc' dir='ltr'>τε</span> <span class='ocrx_word' id='word_1_259' title='bbox 966 3588 1085 3651; x_wconf 81' lang='grc' dir='ltr'><strong><em>τούτων</em></strong></span> <span class='ocrx_word' id='word_1_260' title='bbox 1106 3586 1165 3653; x_wconf 79' lang='grc' dir='ltr'>οὖν</span> 
     </span>
     <span class='ocr_line' id='line_1_32' title="bbox 64 3694 1166 3794; baseline -0.015 -19"><span class='ocrx_word' id='word_1_261' title='bbox 64 3709 188 3794; x_wconf 71' lang='grc' dir='ltr'><strong><em>ἀπορία</em></strong></span> <span class='ocrx_word' id='word_1_262' title='bbox 209 3705 308 3789; x_wconf 74' lang='grc' dir='ltr'><em>πολλῆ</em></span> <span class='ocrx_word' id='word_1_263' title='bbox 329 3706 395 3778; x_wconf 73' lang='grc' dir='ltr'>πῶς</span> <span class='ocrx_word' id='word_1_264' title='bbox 417 3701 468 3764; x_wconf 76' lang='grc' dir='ltr'>ἀεῖ</span> <span class='ocrx_word' id='word_1_265' title='bbox 492 3704 627 3783; x_wconf 71' lang='grc' dir='ltr'><strong><em>θέμενον</em></strong></span> <span class='ocrx_word' id='word_1_266' title='bbox 652 3709 755 3779; x_wconf 73' lang='grc' dir='ltr'><strong><em>τυχεῖν</em></strong></span> <span class='ocrx_word' id='word_1_267' title='bbox 776 3701 827 3781; x_wconf 82' lang='grc' dir='ltr'>τῆς</span> <span class='ocrx_word' id='word_1_268' title='bbox 853 3694 1004 3779; x_wconf 63' lang='grc' dir='ltr'><strong><em>ἀληθείας</em></strong></span> <span class='ocrx_word' id='word_1_269' title='bbox 1024 3702 1076 3760; x_wconf 79' lang='grc' dir='ltr'>καὶ</span> <span class='ocrx_word' id='word_1_270' title='bbox 1096 3702 1166 3781; x_wconf 74' lang='grc' dir='ltr'>περὶ</span> 
     </span>
     <span class='ocr_line' id='line_1_33' title="bbox 65 3802 1265 3903; baseline -0.017 -18"><span class='ocrx_word' id='word_1_271' title='bbox 65 3824 131 3885; x_wconf 74' lang='grc' dir='ltr'>τῶν</span> <span class='ocrx_word' id='word_1_272' title='bbox 152 3817 257 3903; x_wconf 73' lang='grc' dir='ltr'><strong><em>ἀρχῶν</em></strong></span> <span class='ocrx_word' id='word_1_273' title='bbox 278 3817 411 3899; x_wconf 78' lang='grc' dir='ltr'><strong><em>πότερον</em></strong></span> <span class='ocrx_word' id='word_1_274' title='bbox 432 3810 483 3874; x_wconf 74' lang='lat' dir='ltr'>dci</span> <span class='ocrx_word' id='word_1_275' title='bbox 502 3811 541 3874; x_wconf 81' lang='grc' dir='ltr'><strong><em>τά</em></strong></span> <span class='ocrx_word' id='word_1_276' title='bbox 561 3814 632 3896; x_wconf 75' lang='grc' dir='ltr'>γένη</span> <span class='ocrx_word' id='word_1_277' title='bbox 660 3815 795 3890; x_wconf 74' lang='grc' dir='ltr'><strong><em>στοιχεῖα</em></strong></span> <span class='ocrx_word' id='word_1_278' title='bbox 821 3810 873 3870; x_wconf 82' lang='grc' dir='ltr'>καὶ</span> <span class='ocrx_word' id='word_1_279' title='bbox 900 3803 996 3890; x_wconf 82' lang='grc' dir='ltr'><strong><em>ἀρχάς</em></strong></span> <span class='ocrx_word' id='word_1_280' title='bbox 1022 3802 1166 3888; x_wconf 78' lang='grc' dir='ltr'><strong><em>ὖπολαμ-</em></strong></span> <span class='ocrx_word' id='word_1_281' title='bbox 1263 3813 1265 3816; x_wconf 82' lang='grc'><strong>’</strong></span> 
     </span>
    </p>
   </div>
   <div class='ocr_carea' id='block_1_3' title="bbox 65 3915 1165 4014">
    <p class='ocr_par' dir='ltr' id='par_1_3' title="bbox 65 3915 1165 4014">
     <span class='ocr_line' id='line_1_34' title="bbox 65 3915 1165 4014; baseline -0.014 -19"><span class='ocrx_word' id='word_1_282' title='bbox 65 3932 180 4014; x_wconf 80' lang='grc' dir='ltr'><strong><em>βάνειν</em></strong></span> <span class='ocrx_word' id='word_1_283' title='bbox 205 3929 226 4012; x_wconf 78' lang='grc' dir='ltr'><em>ἢ</em></span> <span class='ocrx_word' id='word_1_284' title='bbox 251 3926 373 4011; x_wconf 78' lang='grc' dir='ltr'><strong><em>μᾶλλον</em></strong></span> <span class='ocrx_word' id='word_1_285' title='bbox 399 3921 433 4002; x_wconf 78' lang='grc' dir='ltr'>ἐξ</span> <span class='ocrx_word' id='word_1_286' title='bbox 459 3915 506 3986; x_wconf 78' lang='lat' dir='ltr'>aiv</span> <span class='ocrx_word' id='word_1_287' title='bbox 533 3919 772 4006; x_wconf 73' lang='grc' dir='ltr'><strong><em>ἐνυπαρχόντων</em></strong></span> <span class='ocrx_word' id='word_1_288' title='bbox 804 3917 887 3982; x_wconf 73' lang='grc' dir='ltr'><strong><em>ἐστὶν</em></strong></span> <span class='ocrx_word' id='word_1_289' title='bbox 919 3919 1049 3980; x_wconf 79' lang='grc' dir='ltr'><strong><em>ἕκαστον</em></strong></span> <span class='ocrx_word' id='word_1_290' title='bbox 1080 3919 1165 4000; x_wconf 56' lang='lat' dir='ltr'>apri*</span> 
     </span>
    </p>
   </div>
   <div class='ocr_carea' id='block_1_4' title="bbox 916 4024 967 4095">
    <p class='ocr_par' dir='ltr' id='par_1_4' title="bbox 916 4024 967 4095">
     <span class='ocr_line' id='line_1_35' title="bbox 916 4024 967 4095; baseline -0.02 -18"><span class='ocrx_word' id='word_1_291' title='bbox 916 4024 967 4095; x_wconf 68' lang='lat' dir='ltr'>lp*</span> 
     </span>
    </p>
   </div>
   <div class='ocr_carea' id='block_1_5' title="bbox 0 0 1318 4388">
    <p class='ocr_par' dir='ltr' id='par_1_5' title="bbox 0 0 1318 4388">
     <span class='ocr_line' id='line_1_36' title="bbox 0 0 1318 4388; baseline 0 0"><span class='ocrx_word' id='word_1_292' title='bbox 0 0 1318 4388; x_wconf 95' lang='lat' dir='ltr'> </span> 
     </span>
    </p>
   </div>
  </div>
 </body>
</html>
