2602 4388
1132 171 1176 240 nr

66 336 137 401 ὥστ’
163 335 193 399 εἰ
211 335 254 420 μή
280 331 345 398 ἐστι
370 332 460 420 παρὰ
485 334 526 400 nol
552 333 689 420 clodovei
720 338 773 400 sol
801 335 842 400 τὰ
868 333 1074 422 μαθηματικοὶ
1099 340 1175 421 ἔτερ

66 446 159 531 ἄιτα,
181 443 234 509 οἷα
255 445 378 526 λέγουσι
399 444 439 509 τοὶ
461 443 528 529 εἴδη
542 449 631 522 τινές,
652 443 709 512 οὒκ
722 445 811 510 ἔσται
823 450 880 528 μία
899 444 1026 535 ἀριθμῷ
1045 445 1126 511 ἀλλ’
1143 445 1173 531 ¹)

65 556 141 621 εἴδει
164 554 271 631 οὐσία,
298 552 368 621 orid’
395 552 430 619 ai
457 552 551 640 ἀρχαὶ
572 560 636 620 τῶν
658 554 760 620 ὄντων
781 553 910 644 ἀριθμῷ
929 555 1056 621 ἔσονται
1076 560 1175 623 ποσαὲ

64 687 144 741 τινες
167 662 252 729 ἀλλὰ
272 663 358 729 εἴδει·
380 666 410 730 ol
429 661 489 729 οὖν
509 670 603 731 τοῦτο
625 664 816 748 ἀναγκαῖον,
845 669 898 728 καὶ
922 664 962 728 τοὶ
984 666 1051 753 εἴδη
1073 665 1174 749 ἀναγ-

62 786 156 840 ναῖαν
178 768 235 839 dul
255 779 350 840 τοῦτο
371 777 453 839 εἶναι
466 777 601 840 τιθέναι.
639 774 710 840 Hoc
725 773 803 840 dicit
817 773 1026 841 Aristoteles.
1065 775 1173 848 Quac-

62 884 147 951 ritnr
167 906 233 972 quo
254 883 383 948 ratione
404 884 535 948 ndducli
557 884 649 949 ideas
671 907 745 951 esse
767 891 924 950 statuant.
961 882 1086 957 Quodsi
1109 886 1172 952 hnc

62 995 193 1061 rationo
221 996 399 1078 ducuntur,
426 995 600 1081 quodnisi
623 1002 756 1080 practer
776 1016 831 1060 res
853 994 1025 1061 sensibiles
1047 1000 1080 1060 et
1103 1016 1171 1063 rnu-

62 1104 260 1173 thenrsticus
281 1103 378 1170 idone
400 1109 604 1188 statuuntur,
632 1127 741 1170 reruni
765 1104 925 1190 principia
947 1127 1012 1171 uon
1034 1126 1171 1170 nurnero

61 1219 118 1282 sod
147 1214 259 1301 specio
285 1220 412 1280 tuntum
435 1212 528 1280 linito
554 1215 619 1279 sint
646 1214 757 1280 futuro
779 1253 821 1266 -
846 1200 1003 1301 siquidem
1026 1238 1081 1281 ros
1103 1237 1170 1280 rna·

61 1325 263 1392 thomutioao
285 1323 428 1410 alioquin
450 1345 471 1388 a
494 1325 702 1391 sensibilibus
724 1325 873 1392 diversae
894 1347 934 1391 co
961 1332 1072 1391 tamen
1095 1348 1168 1391 curn

60 1438 100 1503 iis
121 1436 316 1520 concinunt,
345 1437 428 1520 quod
450 1434 610 1522 principia
632 1435 760 1521 specie,
786 1456 852 1501 non
879 1458 1014 1503 nurnero
1036 1435 1170 1502 delinito

61 1548 185 1615 hubent
205 1586 266 1632 -,
287 1553 443 1631 opponet,
466 1547 493 1610 si
517 1548 579 1613 huo
600 1547 747 1612 rationes
767 1547 905 1613 idoneae
927 1548 1010 1631 sint,
1032 1569 1169 1612 necesso

60 1659 163 1725 etiarn
186 1679 262 1724 csse
282 1657 376 1723 ideas
395 1658 506 1724 stetui.
550 1656 715 1748 lmpodita
737 1678 817 1722 sone
838 1663 890 1722 est
914 1658 1112 1723 constructio
1134 1665 1169 1723 ot

61 1770 163 1835 totius
184 1767 349 1842 enuncinti
364 1767 590 1852 conformatio,
613 1771 698 1855 quod
713 1766 747 1833 in
763 1767 889 1853 prolusi
908 1789 1016 1834 rerurn
1033 1767 1168 1833 sensibi-

60 1881 139 1947 lium
155 1887 190 1947 et
201 1878 509 1948 mathematiesrurn
525 1879 729 1963 comparatio
743 1877 846 1944 lulius
861 1886 1001 1944 extense
1023 1884 1086 1961 est,
1109 1877 1168 1941 sed

60 1993 158 2058 recte
172 1997 285 2055 tomen
301 1987 455 2075 spodosis
477 1991 506 2053 sl
525 1988 586 2055 οὖν
606 1995 702 2054 τοῦτο
716 1990 779 2056 κτλ.
802 1992 845 2055 od
860 1987 1006 2074 protesin
1024 1987 1168 2054 refertur

60 2105 89 2168 el
102 2102 169 2189 γὰρ
192 2101 248 2166 διὰ
268 2105 374 2184 τοῦτο,
396 2106 430 2164 et
451 2098 593 2164 universi
617 2099 780 2165 enunciati
805 2101 1002 2165 constructio
1028 2105 1167 2166 constat.

61 2211 129 2298 (Cf.
155 2212 187 2277 si
209 2211 269 2277 οὖν
293 2210 327 2274 iu
350 2210 443 2275 initio
465 2209 617 2294 epodosis
637 2214 679 2293 Κ,
701 2217 734 2280 3.
756 2231 788 2294 p.
807 2210 975 2282 1060h33.
999 2208 1073 2273 Eth.
1094 2209 1166 2276 Nic.

60 2322 127 2408 111,
148 2326 189 2407 7,
212 2343 243 2406 μ.
268 2322 416 2394 llldbl.
438 2319 525 2405 Top.
548 2318 655 2403 11,4.
678 2343 709 2406 p·
734 2320 868 2405 lllhd,
897 2319 951 2385 ubi
980 2317 1049 2384 οἷον
1072 2322 1104 2383 εἴ
1121 2340 1165 2383 α-

59 2457 115 2511 νος
140 2467 186 2482 -
211 2432 399 2519 ἢμονσικός
425 2431 613 2516 parenthesi
642 2430 837 2496 includenda
858 2436 935 2495 sunt
956 2436 991 2495 el
1017 2430 1169 2516 epodosis

60 2542 249 2628 incipienda
280 2542 322 2606 nb
351 2543 433 2621 ἐάν.)
479 2540 615 2607 Sedes
642 2541 861 2626 distinguendi
892 2540 1038 2625 ratione,
1070 2561 1168 2626 quarn

61 2652 243 2722 Bokkerus
264 2652 418 2738 retinuit,
445 2660 481 2718 ut
507 2651 600 2718 nullo
621 2639 809 2738 parenthesi
832 2651 940 2736 positu
961 2659 1079 2736 puncto
1100 2672 1168 2716 rnu-

59 2766 150 2831 ximo
179 2762 359 2848 distingunt
388 2772 463 2851 post
494 2770 547 2829 καὶ
578 2763 706 2854 ἀριθμῷ
729 2760 916 2848 ὡρισμέναι,
948 2762 1065 2828 deinde
1092 2767 1168 2847 post

58 2875 193 2962 ὁμοειδῆ
214 2881 248 2941 et
271 2882 345 2959 post
365 2879 464 2940 ποσαί
483 2885 565 2950 τινες
581 2874 648 2938 ἀλλ’
670 2874 757 2958 εἴδει,
779 2872 925 2960 equidem
946 2873 1025 2960 quid
1045 2873 1167 2937 facium

57 3009 126 3053 non
148 2985 253 3053 vidoo.
296 2985 366 3050 Nec
393 2988 477 3072 quod
504 2985 539 3049 in
566 2983 699 3049 scholiis
721 2985 764 3048 nd
786 2983 816 3054 b
839 2984 861 3050 l.
884 2988 1035 3047 unctores
1059 2982 1166 3046 novis·

57 3099 165 3164 simae
188 3094 339 3162 editionis
361 3103 436 3182 post
457 3097 486 3160 ei
505 3098 566 3180 γάρ
587 3094 816 3176 distinxerunt,
838 3099 874 3157 ut
896 3091 952 3157 cae
973 3096 1066 3157 τοῦτο
1088 3113 1166 3177 epo.

56 3208 153 3276 dosin
177 3207 339 3293 ordietur,
361 3206 415 3274 vel
437 3206 674 3272 sententiarum
696 3203 812 3287 nexui,
832 3203 886 3270 vol
908 3201 1053 3290 ipsorum
1075 3203 1166 3270 scho-

59 3425 260 3437 -.-—-----·
330 3425 332 3429 ι

128 3584 157 3650 1)
184 3583 266 3637 codd.
289 3585 346 3647 καί,
376 3598 486 3653 quorum
508 3583 693 3636 auctoritatem
715 3579 800 3633 secuti
821 3586 885 3632 sunt
910 3577 1035 3631 editores.
1074 3577 1127 3632 Sed
1150 3595 1165 3632 c

57 3667 189 3741 proximis
205 3665 296 3721 verbis
314 3668 480 3720 rnanifsstum
500 3677 550 3732 est,
569 3665 664 3736 opponi
682 3665 751 3717 inter
767 3679 798 3716 se
816 3662 911 3716 dehere
928 3663 1037 3736 ἀριθμῷ
1054 3671 1081 3714 et
1097 3663 1167 3715 εἴδει.

57 3753 153 3825 ltaque
179 3752 271 3806 invitis
298 3750 430 3803 codicibus
453 3751 519 3802 ἀλλ’
539 3749 712 3803 scribendum·
724 3752 784 3818 ⁴juin
802 3746 959 3800 Alexander
985 3745 1118 3816 praecepit
1140 3763 1166 3815 p.

57 3837 182 3892 tidlhdi.
204 3836 311 3907 ἄμεινον
328 3834 356 3888 δὲ
373 3835 527 3912 γεγράφθαι
542 3835 612 3896 „ou'u
628 3836 697 3886 ἔσται
713 3833 821 3909 οἷριθμῴ
838 3832 900 3886 ἀλλ’
917 3832 1008 3884 eldee·“
1023 3831 1095 3882 reiro
1112 3828 1165 3904 γὰρ

56 3921 166 3993 συνάγει
187 3921 219 3973 roi
241 3938 266 3976 τε
286 3919 456 3997 προειρημένα
477 3916 523 3970 καὶ
543 3916 571 3970 τὸ
593 3917 779 3993 ἐπιφερόμενον
805 3917 885 3984 „odd'
904 3917 933 3968 ul
955 3914 1035 3990 ἀρχαὶ
1056 3946 1089 3954 -
1110 3913 1167 3977 ott·

57 4006 152 4062 oldest
375 4011 379 4017 '
