2602 4388
1120 163 1167 276 oa

59 381 158 457 quom
181 353 346 431 sententia
367 356 518 448 flagitare
542 361 669 427 vitietur
688 357 766 442 λέγω
795 356 831 426 δὲ
858 367 981 451 πρώτην
1005 371 1026 456 η
1049 344 1092 459 μη
1113 374 1170 440 λέκ-

60 502 151 562 revoco
172 481 217 567 τῷ
238 475 317 541 ἄλλο
339 468 374 539 ἓν
395 474 480 562 ἄλλη)
502 475 583 537 εἶναι
603 475 656 536 καὶ
675 469 866 561 ὑποκειμένῳ
893 471 935 552 ὡς
962 479 1029 572 ιλλη.
1076 482 1161 551 Nam

62 590 92 654 si
113 587 352 654 nominativum
373 582 440 669 ὕλη,
460 605 554 671 quem
578 582 736 648 editiones
759 582 925 668 exhibent,
947 597 1037 656 reete
1057 607 1092 659 se
1109 596 1164 662 ba.

64 701 145 765 bere
167 719 346 780 sumamus,
375 697 451 762 inde
472 714 673 781 consequens
696 693 774 777 erit,
797 700 833 758 ut
860 698 998 761 materia
1025 701 1102 770 insit
1128 709 1163 774 in

66 811 132 876 aiio
160 811 300 897 quodem
329 815 494 893 tamquam
525 805 700 871 substrato.
744 804 792 869 At
819 827 859 871 ea
892 807 964 891 ipsa
991 817 1042 876 est
1073 819 1163 882 notio
1255 877 1258 883 .

66 921 240 1004 materiae,
261 929 297 982 ut
319 939 383 982 non
411 917 454 980 sit
476 917 510 981 ἕν
530 914 730 1004 ὑποκειμένῳ,
752 918 810 980 sed
832 916 904 1003 ipsa
925 919 969 983 sit
989 922 1026 985 τό
1040 922 1166 992 ὑποκεί-1

65 1052 163 1116 μενον
183 1041 249 1106 τοῖς
269 1028 385 1104 ἄλλοις.
430 1025 480 1092 Of.
502 1033 537 1101 Z,
561 1032 664 1096 1—3.
686 1026 862 1110 praecipuo
883 1035 913 1100 3.
937 1053 967 1114 p.
993 1040 1165 1110 10294123,

67 1142 107 1206 τό
126 1145 188 1226 μὲν
208 1140 269 1226 γὰρ
290 1138 374 1202 ἄλλα
396 1142 449 1223 τῆς
469 1135 579 1212 οὐσίας
604 1147 829 1221 κατηγορεῖται,
852 1141 930 1225 αὕτη
953 1141 989 1206 δὲ
1010 1150 1062 1230 τῆς
1082 1147 1166 1235 ὕλης.

68 1251 149 1317 lude
172 1256 311 1338 apparet
333 1248 390 1339 ὕλη
411 1269 471 1333 per
492 1247 740 1332 appositionem,
761 1268 856 1334 quam
881 1249 990 1316 dieunt
1004 1274 1167 1336 gramma-

68 1362 137 1448 tiei,
162 1364 324 1443 adjectum
349 1380 423 1423 esse
445 1360 487 1423 ad
509 1355 708 1446 ὑποκειμένῳ.
730 1393 772 1404 -
798 1358 911 1446 Neque
932 1369 1083 1431 extrema
1110 1369 1167 1435 hu·

65 1475 118 1556 jus
146 1472 211 1537 looi
238 1471 341 1536 verba
362 1468 493 1532 omnino
520 1490 602 1532 sana
629 1491 703 1534 esse
735 1469 886 1537 arbitror.
941 1473 1064 1545 Quodsi
1097 1481 1168 1564 quis

70 1584 306 1652 sententiarum
334 1581 452 1645 seriem
480 1586 606 1644 attente
635 1586 825 1664 persecutus
853 1602 910 1647 eos
936 1583 1025 1648 locos
1046 1589 1078 1651 iu
1103 1602 1169 1655 me·

69 1693 208 1760 moriam
232 1691 444 1775 revocaverit,
467 1709 600 1775 quoram
623 1689 791 1753 uberiores
812 1693 1019 1777 quaestiones
1041 1695 1168 1763 Aristo

69 1807 154 1872 teies
175 1809 242 1894 jam
264 1801 408 1867 breviter
428 1799 672 1886 complectitur,
699 1823 763 1864 noa
788 1801 849 1865 boo
871 1807 1075 1890 exspectabit
1090 1805 1169 1874 dicit

69 1919 100 1982 ta
125 1915 168 1981 iis
190 1915 307 1998 reboo,
333 1930 417 2000 qaae
444 1912 650 1992 conjunctam
681 1910 825 1976 habeant
845 1935 918 1978 oum
940 1915 1045 1982 forma
1068 1928 1169 1985 mate*

69 2030 155 2092 riam
177 2045 242 2091 nou
266 2046 339 2090 esse
362 2044 457 2087 rmum
483 2031 516 2086 et
538 2023 621 2087 idem
646 2022 809 2088 notionem
833 2025 879 2088 r'ei
904 2033 936 2090 et
959 2027 1061 2112 ipsam
1085 2049 1169 2116 rem,

71 2157 176 2226 neque
199 2158 259 2223 per
281 2135 431 2200 oeoittens
454 2133 553 2216 idem,
577 2136 633 2197 sert
657 2133 778 2216 potius:
807 2154 913 2222 neque
940 2138 972 2202 in
1000 2139 1040 2203 tis
1061 2142 1170 2224 rebus,

72 2270 155 2337 quae
177 2248 385 2327 conjunctam
410 2245 553 2309 babeant:
575 2264 648 2306 oum
670 2241 777 2306 forma
799 2248 982 2333 materiam,
1011 2271 1114 2336 neque
1137 2253 1169 2315 iu

73 2361 122 2446 iis,
146 2379 232 2446 quao
254 2378 313 2441 per
335 2356 486 2420 occidens
509 2350 627 2434 aliquid
651 2373 759 2417 seorim
789 2355 994 2436 conjunctum
1017 2359 1171 2445 babeant,

73 2492 171 2537 aanor
206 2470 354 2551 idemque
388 2486 461 2531 esse
495 2465 658 2528 notionem
695 2463 743 2529 rei
770 2472 805 2530 et
832 2467 936 2550 ipsam
964 2491 1043 2537 rem.
1099 2472 1172 2538 Hoo

74 2584 161 2648 enim
192 2581 225 2644 in
254 2575 474 2661 superioribus
502 2574 700 2639 Aristoteles
726 2577 886 2660 exposuit.
939 2577 988 2646 Cf.
1015 2587 1056 2657 Z,
1083 2589 1114 2654 6.
1141 2607 1174 2671 p.

77 2674 347 2770 roslara—aa,
368 2685 544 2772 praecipuo
558 2691 610 2756 24.
633 2687 655 2770 ἢ
676 2681 733 2749 oriz
753 2685 880 2773 ἀνάγκη,
902 2689 973 2753 ὅσα
993 2693 1074 2757 κατα
1095 2713 1174 2780 σιμ

77 2804 216 2890 βεβηκός,
240 2803 320 2864 εἶναι
342 2795 451 2862 ταύτό.
488 2797 568 2860 {mle
590 2797 621 2858 in
646 2817 683 2860 eo
707 2794 791 2877 loeo,
815 2799 855 2862 tte
877 2816 938 2884 quo
960 2801 1174 2890 disputamus,

78 2938 138 3003 pro
167 2911 244 2977 οὐδὲ
270 2908 351 2973 κατὰ
378 2909 567 2993 συμβεβηκός
599 2908 803 2972 scribendum
834 2907 974 2975 arbitror
1001 2911 1076 2976 οὐδ’
1103 2910 1174 2978 ὅσοι

77 3025 157 3092 κατὰ
178 3021 376 3106 συμβεβηκός.
397 3055 440 3066 -
462 3016 639 3081 Universos
662 3019 761 3101 igitur
788 3018 897 3102 loeus,
925 3021 954 3084 si
981 3027 1070 3086 reete
1097 3023 1176 3089 {iivi-

77 3155 207 3213 namus,
231 3131 316 3194 buno
338 3129 371 3193 in
395 3128 522 3190 modum
546 3128 674 3192 vitietur
703 3126 905 3193 exhibendus
933 3151 1022 3195 esser
1049 3138 1102 3197 uei
1129 3132 1177 3200 ὅτι

78 3248 113 3313 τό
136 3244 168 3309 τό
189 3242 230 3329 ἦν
251 3243 333 3306 εἶναι
354 3244 416 3304 καὶ
438 3241 568 3302 ἕκαστον
590 3237 641 3300 ἐπὶ
661 3240 756 3301 τινῶν
775 3241 834 3321 μὲν
854 3236 981 3325 ταύτόν,
1003 3243 1106 3330 οἵσπερ
1126 3245 1178 3310 em

79 3362 143 3423 τόν
163 3355 297 3439 πρώτων
318 3351 449 3424 οόσιοῖν,
474 3347 542 3412 οἷον
567 3349 765 3434 καμπυλότης
786 3354 838 3414 καὶ
858 3351 1068 3438 καμπυλότητι
1088 3357 1177 3430 εἶναι,

78 3471 106 3533 εἰ
125 3465 233 3552 πρώτη
254 3461 337 3525 ἐστίν
358 3460 448 3542 (λέγω
464 3459 500 3523 δὲ
514 3461 637 3544 πρώτην
650 3461 670 3545 ἢ
683 3459 725 3544 μὴ
739 3459 858 3540 λέγεται
878 3467 922 3551 τῷ
936 3456 1015 3527 ἄλλο
1036 3463 1072 3526 ἓν
1092 3457 1178 3554 oium

27 3622 32 3629 ·
78 3581 161 3643 sivae
182 3578 235 3638 καὶ
255 3570 445 3656 ὑποκειμένῳ
465 3565 509 3644 οἷς
530 3569 621 3661 ὕληλ·
648 3571 709 3633 ὅσα
731 3569 765 3632 δ’
786 3567 829 3646 ὥς
849 3571 907 3658 όλη
927 3569 1003 3657 ἧός
1017 3574 1179 3660 σονειλημ

79 3691 162 3771 μένα
179 3690 219 3776 τῇ
239 3683 298 3774 ὕλη
320 3679 358 3744 ori
381 3678 486 3753 ταύτό,
508 3679 583 3744 οὐδ’
604 3681 675 3746 ὅσα
695 3679 776 3743 κατα
797 3682 985 3767 συμβεβηκός
1005 3685 1048 3760 ἓν,
1070 3684 1138 3747 οἷον
1160 3676 1178 3749 ό

78 3797 245 3880 ,Σωκράτης
268 3798 320 3858 καλ
335 3792 371 3857 τὸ
385 3789 548 3874 μουσικόν·
569 3795 671 3854 ταῦτα
692 3789 753 3876 γολρ
768 3787 869 3854 sabaei
884 3791 966 3856 κακαὶ
983 3793 1180 3878 συμβεβηκός.

167 3911 206 3988 Ζ,
231 3911 280 3974 13.
303 3924 333 3986 p·
359 3899 529 3973 1038b23.
554 3899 626 3984 (Bo
650 3908 729 3984 luo,
754 3899 818 3986 11.)
852 3899 1023 3967 Notionem
1051 3904 1179 3988 univer·

83 4018 187 4083 salem
205 4013 403 4085 Aristoteles
425 4013 520 4077 dooat
542 4030 605 4074 noa
628 4030 702 4074 esse
723 4006 952 4097 substantiam,
973 4013 1128 4099 quoniam
1146 4022 1186 4077 et

131 4116 224 4170 nantes,
236 4114 323 4158 οιιιιι.
338 4112 361 4158 u
373 4112 447 4158 arur.
972 4114 996 4182 ιη
