2602 4388
1096 166 1177 281 rus

59 361 238 452 putationis
259 362 491 434 viacerniture
518 359 604 428 haec
624 365 729 428 etiam
750 365 821 428 erit
844 366 922 448 cjru
942 364 1097 429 οοοίοιιόο
1118 344 1159 430 ιδ

10 494 13 519 =
59 481 97 543 tr
111 475 344 566 significatio,
367 474 506 538 omittat.
542 474 648 538 Immo
662 495 759 560 quum
782 482 991 541 enumeret
1012 475 1159 540 divorsas

10 596 12 605 '
58 585 314 672 significationes
328 594 362 651 ot
375 585 515 650 alteram
530 584 626 650 alteri
642 581 825 668 adjiciat,
838 593 1090 650 consentaneum
1107 593 1158 652 cst

56 720 129 764 eum
151 721 194 763 eu
215 695 379 782 particulo
400 717 493 761 usum
516 717 600 780 esse,
623 717 705 782 quae
725 695 757 758 in
773 698 993 760 enumerando
1007 697 1158 784 frequens

57 830 95 875 oo
118 807 276 899 sollennia
291 810 377 895 opud
392 828 466 873 eum
489 813 551 891 est,
573 809 629 871 ἔτι
645 807 683 890 Ι).
721 805 853 890 Confer,
875 805 902 870 si
925 806 1054 871 omuino
1076 830 1158 893 opus

56 920 195 1003 ridetur,
218 940 261 985 ex
282 921 398 983 eodem
421 917 530 1003 capite
549 940 577 1002 p.
596 921 754 990 1016ο17.
787 916 842 981 ἔτι
864 916 963 982 ἄλλον
984 918 1102 1002 τρόπον
1122 923 1158 983 δν

56 1030 186 1111 λέγεται.
218 1035 297 1100 332.
330 1029 387 1095 ἔτι
412 1029 449 1093 δὲ
470 1033 506 1093 ἓν
525 1027 646 1111 λέγεται
665 1030 759 1093 ὅσων.
791 1026 871 1099 1131.
905 1027 962 1093 ἔτι
983 1027 1019 1092 δὲ
1039 1026 1080 1091 ool
1099 1032 1158 1111 μὲν

55 1152 128 1204 κατ’
149 1139 292 1223 agapae
313 1137 396 1204 ἐστιν
410 1141 454 1204 ἕν.
489 1137 598 1226 Atque
620 1137 704 1202 idem
723 1139 794 1218 jam
814 1139 955 1220 conjecit
968 1137 1158 1204 Alexander

56 1254 103 1336 sip
130 1250 166 1314 δ’
192 1250 236 1313 ἄν
261 1249 364 1336 σαφὴς
388 1248 406 1338 ἢ
428 1250 508 1330 λέξις
533 1254 587 1316 καὶ
613 1249 649 1315 οδ
677 1247 859 1312 ἀκόλουθον
884 1233 1038 1325 σοι’ζοοσοι,
1064 1250 1094 1314 εἰ
1112 1253 1158 1336 εἴη

55 1361 268 1444 γεγραμμένον
290 1358 361 1423 alvei
383 1366 441 1425 τοδ
467 1361 553 1436 „insi
579 1361 613 1425 δ’
641 1359 706 1426 ἔστι
731 1363 790 1444 μὲν
815 1355 859 1436 ὦς
884 1354 1011 1424 deicere
1037 1359 1073 1426 οδ
1099 1359 1158 1425 ἔτι

56 1470 93 1534 di
113 1468 180 1533 ἔστι
201 1473 259 1552 μὲν
278 1465 323 1546 οἷς
343 1466 461 1536 ὁτιοῦν.
481 1493 513 1556 p·
534 1476 683 1542 699818.

141 1579 246 1644 Plura
267 1581 421 1664 exerupla
443 1582 560 1646 atl'erre
583 1602 765 1665 possumus,
787 1582 901 1666 quibu·
923 1580 1115 1649 Alexander
1136 1604 1157 1647 a

55 1689 191 1774 volgato
217 1696 285 1754 tum
314 1698 407 1757 texto
434 1710 499 1756 non
527 1691 574 1755 ita
602 1697 728 1755 tuntum
757 1692 897 1775 recedit,
922 1698 957 1755 ut
989 1691 1087 1755 aliam
1112 1693 1157 1757 le·

56 1802 197 1867 ctionem
220 1802 394 1885 aptiorem,
417 1807 474 1868 sed
497 1811 532 1868 ut
555 1804 776 1868 necessariam
799 1824 872 1868 esse
888 1801 986 1888 (licat,
1008 1806 1066 1868 sed
1081 1824 1156 1889 quo-

57 1912 146 1977 nium
169 1910 350 1997 longiorem
372 1913 624 2006 disputationem
647 1914 823 2000 requirunt,
846 1913 899 1980 vel
920 1936 1019 1998 supra
1034 1915 1157 1979 exarui-

57 2031 139 2087 nuta
159 2031 252 2108 suut,
274 2023 328 2088 rel
350 2024 435 2089 iufra
459 2026 684 2090 tractabuntur
698 2025 740 2109 2).
784 2024 857 2090 Ηοο
878 2023 948 2088 Ιοοο
972 2046 1012 2090 eu
1034 2025 1156 2110 signill-

57 2154 153 2200 ousse
167 2132 318 2218 sufficiet,
341 2142 377 2199 ut
392 2133 592 2218 intelligatur
608 2158 648 2200 ne
669 2136 772 2222 ipsum
786 2137 915 2223 quidem
931 2134 1156 2203 Alexandrum

56 2251 185 2310 textum
208 2265 302 2330 quem
325 2245 436 2310 babuit
459 2268 590 2330 prorsus
615 2246 776 2330 integrum
799 2254 948 2331 putasse,
975 2250 1032 2312 sed
1059 2268 1156 2333 quum

57 2356 200 2441 plurimu
213 2356 367 2421 brevitati
384 2364 417 2420 et
439 2356 628 2421 obscuritati
644 2355 835 2422 Aristotelis
856 2357 1061 2443 currcedcret,
1084 2380 1156 2424 saca

57 2467 132 2552 pius
153 2474 265 2530 tumen
289 2488 327 2531 eo
349 2470 501 2532 adactum
522 2489 609 2553 esse,
631 2475 667 2537 ut
688 2490 732 2533 ex
753 2468 884 2552 ingenio
905 2475 1031 2532 textum
1048 2492 1156 2536 cmen-

57 2581 140 2641 dare
161 2582 315 2643 tentaret.
357 2576 425 2642 Sed
448 2577 527 2641 illud
549 2577 648 2642 etiam
672 2579 857 2663 usuvenit,
879 2585 915 2644 ut
937 2578 1051 2665 lectio,
1072 2601 1156 2666 quae

58 2695 94 2753 et
112 2687 332 2772 corruptelam
356 2686 561 2753 ruanifestam
586 2687 706 2753 babeat
732 2696 766 2754 et
793 2687 981 2754 facillimam
1005 2694 1157 2757 emenda-

58 2797 182 2864 tionem
216 2798 386 2882 admittut‚
420 2818 441 2863 a
468 2797 607 2864 Graecis
639 2798 869 2900 interpretibus
901 2802 970 2867 sine
1003 2803 1071 2867 ulla
1100 2806 1157 2867 du·
1283 2790 1286 2797 ⁴

58 2902 218 2975 bitatione
250 2909 443 2995 explicetur.
503 2909 577 2974 Huc
608 2909 751 2997 pertinet
784 2917 838 2989 M,
864 2918 895 2985 8„
928 2935 958 2998 p.
988 2918 1155 2985 10832113.

58 3018 135 3103 (aa.
160 3023 244 3104 278,
275 3025 332 3099 l.)-
378 3019 515 3092 Quaerit
548 3020 590 3086 ibi
618 3021 832 3107 Aristoteles,
868 3046 965 3110 quum
998 3027 1157 3087 advorsus

57 3128 313 3216 philosophicam
336 3152 542 3194 numerorum
565 3133 744 3197 doctrinam
766 3134 926 3217 disputet,
948 3154 1032 3218 quae
1053 3134 1156 3220 possit

60 3241 164 3324 ipsius
186 3241 311 3307 numeri
333 3250 367 3307 et
389 3242 547 3305 unitatum
575 3243 759 3308 differentia
785 3265 867 3310 esse.
895 3241 978 3308 alta
996 3244 1059 3330 μὴν
1079 3242 1156 3311 οὐδὲ

56 3349 139 3415 κοινοὶ
160 3350 197 3414 οδ
218 3350 314 3416 noar
335 3354 497 3438 διαφέρειν
518 3351 676 3434 ἐνδέχεται
696 3356 756 3437 (sc.
779 3353 1026 3438 ragnoualdus).
1047 3393 1090 3405 -
1110 3356 1156 3420 ἔοι

56 3459 128 3526 οὔτ’
155 3460 199 3524 ἄν
226 3459 292 3526 aaa
319 3465 376 3526 τοῦ
401 3461 473 3539 trag
497 3470 584 3527 τοῦτ’
616 3465 675 3546 (se.
702 3463 738 3529 ιδ
764 3465 872 3548 ποιόν)
899 3463 1011 3540 αὐτοῖς
1036 3469 1154 3546 γένοιτο

56 3569 128 3636 οὔτ’
148 3573 194 3634 οἶν
215 3569 282 3634 cirri
297 3576 349 3656 τῆς
370 3571 500 3648 doridos·
531 3570 567 3639 οδ
587 3578 646 3658 μὲν
671 3574 732 3662 peip
759 3573 798 3642 οὐ
824 3579 932 3651 ποιόν,
958 3572 1035 3661 ᾗδὲ
1055 3579 1157 3642 ποσὸν

55 3680 162 3746 ποιόν.
205 3678 330 3746 Ultima
359 3682 458 3747 rerba
484 3703 546 3750 neo
572 3692 824 3770 pareceptum
846 3707 976 3751 sonsum
999 3685 1154 3771 efficiunt,

54 3852 259 3865 μὴ*

127 3950 155 4018 1)
172 3949 248 4006 Unus
266 3954 323 4008 cod.
342 3953 372 4006 Τ
384 3951 492 4007 exbibet
507 3954 567 4022 tu,-
582 3955 629 4009 sed
647 3958 679 4012 de
697 3961 754 4028 ejus
771 3957 830 4013 libri
848 3959 1005 4013 auctoritate
1022 3958 1056 4013 ci.
1074 3976 1099 4030 p.
1112 3963 1153 4013 ro.

119 4036 157 4104 a)
173 4044 206 4102 B,
222 4041 248 4092 t.
264 4054 290 4109 p.
309 4037 441 4108 lutabat,
455 4052 538 4110 sopra
555 4054 582 4110 p.
597 4042 641 4096 87.
655 4048 726 4151 ηδ,
743 4060 768 4115 p.
787 4046 923 4100 laudati.
