2602 4388
1116 199 1160 266 83

63 359 209 445 Apparet
227 363 294 421 'non
318 381 415 442 posse
436 359 589 442 conjungi
611 357 647 422 ἔν
661 379 722 423 τινι
734 361 839 448 χρόνῳ
861 382 933 426 oum
949 361 984 442 ἐξ
998 356 1039 427 ovi
1050 369 1102 426 καὶ
1116 365 1160 440 εἰς

60 472 80 535 ό
98 470 147 533 ita
168 476 206 533 ut
229 470 420 534 coordinata
442 470 526 552 sint,
554 471 612 534 sed
635 468 804 535 dicendum
826 468 927 537 fuisse
948 477 1001 537 καὶ
1021 473 1064 567 rin⁸
1075 495 1161 551 τινος

57 586 109 645 sci
131 584 175 655 εἴς
196 604 234 644 τι.
271 580 386 665 ltaque
402 581 443 643 ad
458 579 628 645 veritatem
646 579 779 665 propius
794 583 953 646 accedunt
966 586 1057 649 codd.
1073 584 1159 666 ΕΤ,

55 690 108 777 qui
134 711 192 774 pro
213 690 250 754 ἔν
271 712 332 754 τινι
359 690 513 755 exhibant
535 690 581 754 ἔτι
603 688 638 755 ἓν
658 686 694 781 pi.
737 689 803 755 Seu
826 691 969 774 genuina
991 692 1087 759 lectio
1109 717 1161 760 re·

57 803 201 886 petenda
222 807 273 867 est
296 822 315 865 e
336 798 482 886 physicis
503 799 549 885 V,
574 809 602 872 l.
624 822 656 885 p.
678 807 828 873 224υ34.
864 801 929 866 ἔστι
951 801 989 865 δέ
1007 826 1037 865 τι
1057 805 1093 869 τό
1113 831 1162 870 κι-

56 912 229 994 νοόμενον,
258 911 315 976 ἔτι
337 912 377 975 ἐν
402 905 442 1000 ᾦ,
468 909 486 978 ὅ
507 913 661 996 χρόνος,
687 916 741 977 καὶ
760 913 850 998 παρά
872 917 973 977 ταῦτα
994 911 1028 990 ἐξ
1049 908 1090 979 οὗ
1109 920 1161 979 καὶ

57 1023 100 1096 εἷς
122 1024 154 1087 ό.
189 1021 271 1086 Ιοόε
286 1021 521 1086 restituendum
538 1022 569 1084 in
593 1022 825 1106 metaphysicis
845 1059 890 1072 -
910 1023 946 1088 τδ
968 1024 1161 1106 κινούμενον,

57 1130 115 1197 ἔτι
137 1131 177 1196 ἓν
198 1125 232 1222 ᾧ,
254 1130 272 1197 ὁ
293 1135 447 1217 χρόνος,
468 1135 520 1195 καὶ
542 1130 576 1210 ἕξ
597 1128 637 1197 οὗ
657 1138 709 1197 καὶ
729 1135 773 1209 εἷς
793 1134 825 1198 ό.

145 1248 185 1318 Κ,
209 1251 257 1314 12.
284 1266 315 1328 p.
341 1242 507 1314 loossbm.
539 1240 708 1329 (Βν.238,
732 1243 796 1328 18.)
840 1242 1060 1313 Enumeratm·
1086 1238 1178 1333 quot'

57 1354 165 1417 modis
187 1353 307 1438 aliquid
334 1352 459 1418 dicatur
481 1352 663 1438 immobile,
686 1360 833 1436 ποσαχός
857 1354 978 1434 λέγεται
1006 1354 1164 1441 ἀκίνητον.

57 1463 94 1529 τδ
117 1462 154 1527 δὲ
177 1461 323 1549 ἀκίνητον
344 1465 381 1529 τό
403 1488 436 1528 τε
462 1464 543 1541 ὅλως
569 1464 733 1529 άδόνατον
758 1471 925 1552 κινηθῆναι
944 1469 997 1530 καὶ
1017 1465 1054 1531 τδ
1074 1466 1164 1550 μόλις

58 1574 94 1638 ἓν
113 1575 219 1660 χρόνῳ
240 1575 348 1663 πολλῷ
368 1577 389 1661 ἢ
409 1574 551 1659 βραδέως
566 1574 749 1659 δρχόμενον,
770 1581 823 1639 καὶ
843 1576 879 1646 τό
900 1576 1072 1660 πεφυκός
1092 1581 1164 1659 μὲν

58 1689 278 1758 κινεῖσθαι,
305 1686 353 1769 μή
380 1684 605 1768 δυνάμενον
631 1684 668 1748 δὲ
695 1686 747 1750 ὅτε
768 1690 887 1770 πέφυκε
906 1690 959 1749 καὶ
980 1680 1021 1748 οὖ
1039 1690 1092 1748 καὶ
1112 1686 1164 1760 ὥς.

58 1795 204 1861 Prorsus
219 1795 392 1859 absurdum
409 1803 459 1860 cst
481 1795 509 1859 si
523 1796 598 1880 quisi
621 1795 748 1861 dicatur
762 1795 902 1880 πεφυκός
921 1798 979 1879 μὲν
999 1799 1165 1872 κινεῖσθαι,

57 1908 103 1991 μὴ
127 1905 307 1988 δυνάμενον
322 1906 358 1971 δὲ
371 1911 540 1985 κινεῖσθαι,
562 1927 637 1970 nam
652 1905 792 1991 πεφυκός
804 1910 960 1970 κινεῖσθαι
973 1904 1055 1970 nihil
1076 1905 1165 1971 niiud

58 2025 112 2085 cst
134 2037 230 2104 quam
260 2021 296 2108 τῇ
323 2019 415 2100 φύσει
443 2016 622 2102 δυνάμενον
647 2022 812 2083 κινεῖσθαι.
856 2015 901 2080 Ut
927 2015 1027 2102 igitur
1048 2039 1165 2083 sensus

58 2136 161 2213 aptus
183 2127 374 2191 restituatur
395 2127 571 2207 conjecerit
594 2129 753 2212 quispiam
776 2128 915 2213 πεφυκός
928 2133 986 2212 μὲν
998 2133 1165 2205 κινεῖσθαι,

58 2240 102 2325 μὴ
123 2239 309 2321 κινούμενον
330 2237 379 2312 δέ,
407 2259 510 2322 neque
537 2237 568 2303 id
598 2237 821 2323 improbabile.
865 2238 930 2302 Sed
957 2239 1040 2323 quoti
1062 2237 1165 2301 multo
1233 2290 1240 2297 ,

60 2357 114 2414 cst
136 2346 346 2414 verisimilius
373 2355 407 2412 et
432 2350 640 2432 corruptelae
667 2349 825 2432 originem
855 2348 985 2412 facilius
1011 2347 1166 2431 explicat,

61 2460 240 2546 patentium
265 2480 283 2522 e
306 2459 448 2544 physicis
471 2457 515 2544 V,
536 2468 567 2531 2.
592 2483 623 2544 p.
645 2460 793 2531 220b13.
826 2459 862 2523 τό
883 2458 1022 2543 πεφυκός
1043 2463 1101 2541 μὲν
1119 2483 1166 2522 xr-
1281 2443 1283 2448 ⁵

60 2575 190 2637 νεῖσθαι
211 2574 275 2633 καὶ
296 2569 535 2653 δυνάμενον,
556 2571 603 2657 μὴ
624 2572 860 2653 κινούμενον
882 2568 931 2634 δέ.

33 2754 38 2760 ,
148 2686 188 2756 n,
211 2688 259 2750 α.
283 2701 316 2764 p.
335 2681 502 2752 mosaco
525 2681 593 2766 (ar.
616 2671 692 2764 σεε,
712 2684 780 2759 οε.)
812 2678 929 2763 perago
951 2678 984 2742 r
1006 2680 1049 2756 ες
1070 2680 1092 2746 ο
1112 2683 1168 2745 πε-

61 2813 144 2877 φυκε
171 2792 324 2876 πρότερον
352 2790 556 2877 ἀφικνεῖσθαι
583 2792 619 2858 τδ
645 2790 845 2876 μεταβάλλον
871 2791 892 2875 ἢ
919 2791 962 2867 εἷς
988 2791 1010 2856 δ
1035 2789 1168 2873 ἔσχατον

63 2900 255 2986 μεταβάλλει
281 2901 361 2964 κατά
388 2904 485 2987 φύσιν
506 2904 541 2968 τδ
564 2907 698 2985 συνεχός
719 2902 924 2986 μεταβάλλον.
970 2900 1093 2967 Ultima
1116 2922 1168 2965 vo·

62 3010 185 3077 cabula
205 3016 340 3092 συνεχιός
359 3012 558 3095 μεταβάλλον
584 3035 647 3076 non
669 3019 805 3098 possunt
827 3012 964 3096 subjecti
985 3011 1090 3075 locum
1113 3010 1167 3074 ob·

63 3121 188 3203 tinere,
211 3124 267 3183 seri
293 3119 475 3184 deliniendo
490 3122 674 3186 accuratius
691 3122 836 3200 subjecto
852 3121 1047 3186 inserviunt=
1069 3122 1168 3185 inter·

64 3231 208 3295 medium
227 3230 384 3317 iliadem,
409 3233 450 3295 ad
473 3233 557 3317 quod
579 3231 612 3297 id
634 3234 717 3318 quod
740 3238 896 3316 mutatur,
920 3230 1075 3317 siquidem
1094 3253 1169 3297 oon·

64 3341 157 3406 tinuo
173 3349 329 3427 mutatur,
345 3343 435 3426 prius
457 3343 606 3428 pervenit
622 3365 722 3429 >quam
746 3343 788 3407 ad
810 3342 959 3407 ultimum
981 3341 1169 3407 mutationis

64 3451 165 3517 finem
188 3452 223 3539 (ἢ
237 3455 280 3528 εἷς
294 3454 314 3518 δ
328 3453 460 3535 ἔσχατον
473 3453 686 3538 μεταβάλλει).
719 3452 945 3519 Praeferenda
960 3453 1058 3536 igitur
1070 3451 1168 3517 lectio

26 3614 29 3621 -
65 3562 264 3647 conarer,
286 3563 339 3649 qui
355 3564 524 3631 articulum
541 3572 617 3631 ante
632 3569 766 3646 συνεχεῖς
780 3566 944 3646 omittunt,
966 3562 1169 3629 consentien-

66 3682 120 3740 tes
140 3697 214 3740 oum
236 3674 379 3759 physicis
395 3672 439 3758 V,
454 3681 483 3746 3.
499 3697 529 3759 p.
544 3675 696 3759 22t3b25‚
717 3674 772 3740 ubi
794 3674 885 3740 nulia
906 3674 1036 3740 omnino
1057 3672 1169 3738 lectio-

66 3784 120 3849 nis
134 3784 358 3868 discrepantia
373 3783 544 3851 exhibetur
558 3786 639 3853 κατά
652 3787 750 3873 φύσιν
764 3788 898 3866 συνεχῶς
917 3783 1124 3868 μεταβάλλον.

939 4112 1005 4187 ἦ,
