2602 4388
144 187 190 253 02

145 355 199 415 καὶ
218 351 328 433 κυρίως
348 343 505 430 λεγομένη.
548 343 659 417 Quare
681 346 884 413 scribendum
910 370 1030 416 censeo
1057 355 1123 416 τών
1150 352 1254 438 πρώ-

145 484 216 536 τως
236 459 289 523 καὶ
301 459 376 519 aad*
395 451 480 520 αὑταὶ
494 455 668 539 λεγομένων
682 461 726 522 ἓν.
763 457 815 527 ef.
829 459 931 540 Phys.
945 461 993 546 ll,
1012 471 1039 534 1.
1053 485 1087 549 p.
1100 463 1253 534 192b22

146 570 301 656 πρώτως
321 570 409 630 καθ’
431 563 538 631 αὑτό.
569 571 861 652 4011101608.
893 572 933 636 τυ)
953 575 1081 659 πρώτως
1099 573 1253 656 λεγόμενα

144 687 192 748 du.
234 685 274 755 Δ,
297 684 347 748 16.
370 699 402 762 p.
426 682 574 748 1022a3.
617 678 657 742 τοὶ
685 681 814 763 πρώτως
840 682 992 767 λεγόμενα
1016 683 1129 748 τέλεια.
1166 687 1253 759 (9.8.

147 815 180 880 p·
196 790 362 863 1010013.
398 791 437 862 Δ,
462 789 512 859 17.
535 808 566 873 P·
589 792 756 862 1022e17.
798 790 834 856 τὸ
854 798 913 876 μὲν
935 792 993 859 οὖν
1013 795 1144 880 πρώτως
1165 794 1252 875 λεγό-

147 924 244 989 μενον
264 898 349 965 καθὰ
371 897 407 962 τὰ
429 897 514 972 εἶδός
536 897 607 974 ἔστι,
629 899 779 986 δευτέρως
800 902 838 967 δέ
856 903 919 967 κτλ.
962 903 1046 969 ltem
1068 903 1252 990 πρώτως-

149 1014 299 1097 δευτέρως
321 1009 395 1103 Eth.
411 1009 481 1074 Nio.
496 1007 595 1092 Vlll,
615 1015 647 1080 o.
663 1033 694 1097 p·
712 1013 878 1086 1158031.
899 1052 943 1065 -
964 1019 1094 1101 πρώτως
1112 1050 1160 1063 ·-·
1178 1013 1253 1079 irw-

149 1129 249 1210 μίνως
279 1129 320 1197 Ζ,
352 1127 383 1193 d·
416 1142 447 1206 P·
483 1127 650 1192 10301122·
680 1126 828 1213 πρώτως
859 1130 912 1190 καὶ
942 1125 1050 1202 dctus
1080 1131 1124 1201 Ζ,
1158 1131 1191 1197 d.
1222 1144 1252 1209 p.

151 1240 326 1318 1030820,
348 1233 407 1305 bd·
442 1239 478 1309 Z,
500 1240 530 1303 5·
554 1252 585 1315 Ρ.
611 1238 778 1304 lamala.
814 1238 1021 1320 πρώτωςκαὶ
1045 1238 1160 1321 κυρίως
1180 1234 1252 1302 litu.

149 1345 221 1412 Nic.
244 1343 343 1428 Vlll,
366 1351 397 1414 5.
419 1364 452 1427 p.
477 1347 647 1415 1157n30.

153 1490 156 1495 '
235 1480 277 1546 ln
316 1476 542 1546 examinandis
586 1477 831 1566 refutandisque
873 1479 1074 1564 superiorum
1114 1479 1252 1566 philoso-

150 1593 285 1681 phorum
310 1588 494 1674 sententiis,
508 1608 574 1676 qua
594 1587 627 1652 in
651 1610 688 1653 re
711 1590 846 1656 multum
862 1611 984 1678 operae
1000 1591 1102 1678 ponit,
1126 1590 1253 1656 Aristo·

149 1706 235 1772 telas
261 1703 450 1789 plerumque
480 1720 520 1765 eo
546 1700 648 1766 utitur
669 1701 854 1788 disputandi
876 1722 1015 1787 genere,
1042 1711 1076 1766 nt
1097 1722 1166 1766 non
1187 1706 1253 1767 tom

146 1818 198 1902 ips
254 1810 415 1898 principia
442 1813 528 1875 unda
557 1813 694 1897 profecti
722 1814 787 1877 sint
810 1821 956 1898 evertat,
983 1815 1041 1877 sed
1069 1813 1138 1877 alia
1161 1834 1254 1900 qnae-

153 1932 241 2010 dam,
263 1944 347 2011 quae
369 1920 431 2007 ipsi
456 1920 649 2006 placitorum
678 1932 829 1989 auctores
851 1940 914 1987 non
942 1925 1160 2006 deduxerunt,
1183 1924 1254 1989 indo

151 2035 303 2120 consequi
327 2035 540 2116 demonstret,
563 2040 659 2118 atque
682 2034 729 2098 ita
751 2054 820 2118 eos,
842 2041 878 2098 nt
900 2035 994 2115 ajunt
1015 2033 1127 2117 logici,
1144 2037 1186 2100 ad
1202 2035 1255 2100 ab·

151 2148 282 2213 surdum
306 2147 412 2210 ducat.
454 2140 494 2206 ln
524 2143 726 2229 explicandis
755 2152 864 2210 antem
891 2144 931 2207 iis
960 2145 1148 2230 sententiis,
1177 2166 1255 2232 qnos

151 2259 330 2326 concedere
345 2274 418 2320 enm
434 2260 595 2339 oporteat,
617 2255 671 2341 qni
686 2254 744 2320 illa
760 2254 917 2340 principia
932 2254 1131 2339 probaverit,
1155 2255 1253 2321 inter-

151 2375 227 2438 dum
249 2369 350 2432 utitur
371 2386 413 2430 ex
435 2362 562 2448 vulgari
582 2364 732 2432 Graecae
755 2367 885 2450 linguae
907 2386 967 2429 usu
990 2366 1085 2430 modo
1108 2365 1256 2449 optativo

151 2482 263 2549 addita
284 2475 445 2564 particula
466 2474 677 2540 conditionali
700 2471 756 2553 ἄν,
782 2477 882 2542 veluti
904 2482 952 2551 M,
973 2484 1004 2546 2.
1027 2498 1057 2560 p.
1083 2480 1256 2562 ltmazi,

139 2575 209 2676 '303
230 2598 261 2663 4.
283 2613 312 2675 p,
330 2587 477 2661 107901.
501 2587 543 2659 al.
588 2587 655 2654 led
678 2588 779 2653 multo
801 2586 1001 2674 frequentius
1023 2590 1064 2651 de
1086 2588 1206 2653 eadem
1221 2606 1255 2652 re

152 2704 239 2789 apud
260 2697 473 2764 Aristotelem
497 2706 549 2764 est
570 2701 703 2765 verbum
731 2702 927 2782 συμβαίνειν,
955 2695 1162 2781 aptissimum
1185 2718 1256 2784 pro·

152 2813 237 2880 fecto
264 2811 306 2873 ad
333 2807 547 2892 significanda
575 2831 634 2894 ea,
662 2810 692 2873 in
721 2830 805 2896 quae
831 2807 902 2893 quis
931 2807 1046 2874 nolens
1074 2815 1109 2874 et
1134 2807 1256 2876 invitos

153 2949 193 2992 ae
209 2930 320 2988 tamcn
336 2917 521 2984 necessario
543 2917 674 2984 incidat.
688 2918 716 3002 ¹)
753 2917 877 2982 Eadem
894 2925 1003 2984 autern
1018 2918 1050 2984 vi
1065 2940 1106 2984 ac
1120 2921 1256 2987 verbnm

151 3038 333 3121 συμβαίνειν
356 3028 390 3094 in
412 3028 473 3093 hoc
488 3028 672 3114 disputandi
687 3049 809 3113 genere
822 3027 965 3092 futurum
982 3029 1151 3096 indicativi
1167 3052 1258 3098 usur·

151 3153 222 3232 pat,
243 3141 344 3210 veluti
366 3146 401 3218 Z,
416 3148 446 3214 8.
470 3165 502 3229 p.
519 3142 666 3214 1033b4.
689 3139 878 3224 dedendusne
899 3138 933 3203 ai
946 3143 1077 3220 γενέσεις
1098 3141 1142 3216 είς
1166 3143 1258 3207 ἄπει-

153 3276 220 3342 ρον.
261 3259 314 3329 M,
334 3257 367 3325 7.
394 3277 427 3339 p.
453 3258 619 3326 1082a17.
643 3252 685 3318 al.
728 3249 845 3339 ltaque
878 3248 917 3313 fit
943 3256 979 3314 ut
1005 3250 1185 3336 praecipue
1213 3251 1258 3318 sn·

157 3443 355 3454 ,-..----

222 3543 250 3610 l)
275 3542 315 3595 01.
332 3541 459 3608 Breier,
482 3541 524 3596 die
542 3541 711 3612 Philosophia
733 3541 779 3592 des
801 3537 976 3606 Anaxagoras
997 3539 1065 3593 nach
1088 3541 1259 3597 Aristoteles.

154 3644 179 3698 p.
190 3630 232 3680 29.
251 3657 301 3691 ‚‚-
318 3626 376 3680 Der
393 3644 476 3695 ganne
489 3627 551 3680 Sata
569 3627 605 3680 ist
622 3644 672 3680 nur
685 3626 743 3678 eine
754 3620 936 3694 Konsequenz,
954 3624 1081 3678 weduna-h
1096 3626 1258 3680 Aristoteles

154 3712 227 3764 scine
246 3708 354 3778 Gegner
371 3711 430 3763 anis
449 3709 562 3764 Glatteis
580 3710 660 3763 frihrt.
687 3709 742 3761 lias
761 3708 824 3776 geht
841 3706 907 3760 anch
926 3726 972 3760 ans
991 3708 1048 3760 dem
1066 3706 1162 3762 Wone
1181 3729 1258 3783 συμ-

153 3799 262 3866 βαίνει
285 3793 395 3859 herror‚
420 3794 467 3846 das
485 3793 643 3847 Aristoteles
661 3794 688 3845 in
706 3791 812 3845 solclren
830 3792 922 3846 Fiitlen
940 3808 1005 3860 gem
1024 3791 1186 3861 patremne,
1206 3795 1258 3849 wia

155 3898 185 3935 es
203 3884 271 3937 ileon
289 3877 355 3933 anch
373 3877 537 3931 vortrafflich
550 3876 703 3941 ansdriickt,
722 3878 782 3929 dass
794 3876 903 3930 Jeurand
916 3895 946 3929 zu
962 3891 1048 3929 struas
1061 3877 1175 3944 kdrrnnt,
1190 3879 1258 3933 olrna

22 3988 25 3997 ·
155 3981 185 4017 es
197 3984 229 4019 zu
242 3965 360 4029 rnerken,
379 3961 430 4015 und
440 3960 496 4015 sich
510 3961 596 4030 Dioge
614 3978 687 4014 rnnss
706 3961 819 4028 getullen
838 3959 934 4026 lasseu,
952 3961 994 4017 die
1012 3978 1041 4015 er
1052 3978 1121 4031 geru
1133 3961 1257 4016 antonne

154 4050 207 4103 ond
225 4062 259 4104 an
276 4045 380 4104 welche
398 4063 427 4102 er
444 4044 556 4116 anfangs
573 4043 775 4115 niehtgedneht
794 4041 865 4097 hat.’'
