2602 4388
1156 187 1195 253 15

93 354 129 443 τῇ
157 347 250 431 οὐσίᾳ
278 348 346 412 elta
372 351 425 413 ned
450 358 518 426 τοῖς
542 346 664 423 ἄλλοις,
695 344 799 433 ὥσπερ
829 349 882 412 καὶ
907 346 943 413 τὸ
971 350 1002 413 τί
1027 347 1111 414 ἔστιν
1137 346 1196 434 οὔχ

95 458 204 537 ἅπλῶς
229 463 260 524 τί
284 456 324 546 ἦν
349 460 446 537 εἶναι,
478 457 563 523 ἄλλο)
589 460 673 549 ποιῷ
696 459 717 544 ἢ
748 460 838 547 ποσῷ
862 461 893 522 τί
922 457 961 546 ἦν
987 461 1078 527 εἶναι.
1128 459 1196 527 Sed

95 573 147 637 bis
173 559 301 650 verbis,
334 567 380 632 uti
417 590 438 632 a
470 568 644 634 Brundisio
672 575 706 633 et
732 565 889 635 Bekliero
923 569 1077 636 distinete
1108 581 1195 658 sunt,

94 682 200 746 omnis
232 679 468 746 sententiarum
497 701 602 745 nexus
623 679 758 745 tollitur.
801 678 931 743 Etenim
960 701 1003 744 ex
1025 684 1195 767 superiori·

95 793 155 859 bus
181 813 248 857 non
275 790 461 876 exspectari
495 791 599 855 solurn
632 793 689 856 sed
722 789 880 876 postulari
915 796 1060 876 oportet,
1091 802 1127 859 ut
1155 817 1197 860 ee

95 903 297 969 diversarum
320 901 591 987 significationum
612 901 715 985 ratio,
747 921 830 988 qnae
856 900 889 965 in
916 900 1068 988 exemplo
1089 911 1147 970 eod
1167 909 1197 970 τί

95 1014 178 1080 ἐστιν
207 1012 358 1099 exposite
386 1021 457 1096 est,
485 1015 557 1093 juin
586 1013 628 1076 ad
654 1013 690 1076 td
717 1016 747 1074 τί
770 1011 818 1098 ἦν.
838 1015 920 1076 εἶναι
947 1013 1127 1098 referatur,
1161 1022 1197 1081 et

94 1133 266 1212 utrumqne
288 1125 323 1189 ed
343 1127 372 1188 el
391 1123 474 1188 ἐστιν
495 1130 529 1187 et
549 1122 584 1185 ed
604 1125 633 1184 τί
651 1120 689 1208 ἢν
709 1123 790 1186 εἶναι
810 1122 895 1186 inter
917 1145 953 1188 ee
979 1125 1197 1214 conjunge.

94 1245 173 1318 tur3
198 1238 256 1300 sed
277 1240 392 1300 eontra
415 1232 555 1298 alterum
577 1231 618 1297 ab
634 1232 739 1296 altero
760 1231 1029 1320 disjungitur,
1051 1240 1135 1320 quod
1151 1235 1197 1301 di·

93 1349 139 1414 ott
160 1347 198 1412 ed
219 1349 249 1411 el
270 1346 353 1410 ἐστιν
374 1342 431 1426 οὔχ
452 1340 561 1421 ἁπλοῖς
581 1346 611 1406 τί
631 1342 670 1431 ἦν
691 1347 786 1419 εἶναι,
814 1343 897 1408 etto
924 1344 987 1410 κτλ.
1016 1346 1036 1413 ἰ.
1059 1369 1087 1413 ο.
1111 1349 1146 1412 ed
1168 1351 1199 1413 rt

93 1457 179 1522 ἐστιν
200 1477 264 1520 non
292 1455 483 1540 simpliciter
510 1461 561 1519 est
589 1455 676 1519 notio
705 1455 931 1520 substantialis
957 1456 1025 1522 siue
1053 1457 1088 1522 ed
1109 1463 1140 1523 et
1158 1457 1199 1547 ἦν

94 1572 185 1645 εἶναι,
207 1569 266 1632 sed
288 1567 413 1631 aceedit
439 1565 607 1651 qualitatis
627 1566 680 1630 vel
704 1566 894 1650 quantitatis
920 1565 1019 1635 notio.
1064 1567 1139 1633 Una
1161 1569 1198 1633 li-

93 1679 193 1746 neola
219 1677 420 1764 transpositu
442 1679 552 1758 justus
574 1677 811 1741 senitentiarum
833 1679 912 1741 urdo
934 1677 1142 1764 restituetur,
1168 1679 1198 1744 ei

93 1811 223 1858 eornme
251 1797 326 1875 post
352 1789 387 1854 τὰ
415 1792 445 1853 rt
471 1787 555 1851 dorin
586 1788 805 1872 posuerimus3
837 1791 922 1854 unde
950 1789 1033 1855 baeu
1060 1788 1198 1855 exsistet

93 1900 294 1966 constructio
321 1901 357 1966 ed
382 1903 412 1963 τί
437 1898 478 1987 ἦν
505 1902 587 1964 εἶναι
613 1897 746 1984 ὁμοίως,
778 1900 881 1985 ὥσπερ
908 1906 961 1964 καὶ
986 1902 1021 1965 τὸ
1048 1905 1078 1965 τί
1106 1901 1197 1978 ἐστιν,

93 2009 229 2097 ὑπάρξει
260 2012 390 2096 πρώτως
414 2016 472 2095 μὲν
497 2016 550 2074 καὶ
572 2007 680 2086 ἁπλοῖς
701 2015 737 2101 τῇ
758 2008 864 2090 οὐσίᾳ,
892 2013 959 2075 εἶτα
979 2017 1117 2088 καὶτοῖς
1138 2012 1198 2076 ἄλ-

92 2124 181 2204 λοις,
202 2120 260 2205 οὗχ
282 2120 391 2199 ἁπλοῖς
411 2126 441 2185 τί
461 2121 500 2208 ἧν
522 2124 616 2199 εἶναι,
639 2120 722 2185 eilde?
742 2124 826 2210 ποιῷ
845 2123 865 2208 ἢ
885 2125 974 2212 ποσῷ
994 2126 1024 2185 τί
1043 2121 1082 2211 ἦν
1108 2126 1198 2188 εἶναι.

93 2233 221 2306 Qrtudsi
250 2232 321 2318 quis
348 2232 566 2317 reputaverit,
595 2253 690 2319 quem
720 2238 797 2315 apte
826 2230 872 2295 itu
900 2234 1029 2297 dennuni
1059 2233 1119 2297 sibi
1147 2256 1198 2299 re·

93 2347 281 2430 spondeant
303 2365 388 2431 quae
410 2345 450 2407 de
472 2347 516 2432 τῷ
536 2347 567 2406 tt
580 2343 664 2406 ἐστιν
677 2343 829 2427 exposite
844 2350 919 2407 sunt
934 2350 967 2408 et
981 2364 1065 2429 quae
1081 2345 1198 2411 deinde

94 2459 138 2522 ud
166 2455 204 2520 ed
226 2458 256 2518 tl
276 2454 315 2542 ἦν
337 2457 419 2520 εἶναι
440 2453 625 2519 referuntur
649 2453 703 2538 (ef.
720 2475 741 2517 u
762 2459 903 2526 21—27
925 2461 958 2521 et
980 2476 1001 2518 a
1022 2459 1197 2540 29-32.),

93 2588 160 2632 non
190 2566 350 2630 dubitabit
379 2568 419 2630 de
449 2573 581 2629 nostrae
616 2565 831 2629 distinctionis
859 2572 892 2630 et
919 2564 1198 2650 interpretationis

92 2678 252 2759 veritate3
275 2678 333 2742 sud
355 2696 527 2762 possumus
541 2697 613 2740 enin
630 2675 824 2740 confirmare
846 2674 1026 2741 Alexandri
1039 2661 1075 2762 ¹)
1089 2688 1198 2744 uneto-

93 2789 215 2873 ritate‚
243 2788 297 2873 qni
324 2785 597 2870 constructionem
627 2786 790 2852 enunciuti
820 2808 920 2872 prope
947 2787 1061 2852 iisdem
1089 2789 1198 2855 verbis

94 2899 248 2985 exponit,
282 2899 398 2985 quibus
426 2921 526 2983 snpra
554 2898 601 2962 usi
630 2919 756 2981 sarnus,
791 2904 824 2961 et
856 2920 926 2964 retu
959 2897 1005 2962 ita
1038 2900 1197 2984 explicate

93 3011 199 3097 ὥσπερ
233 3009 293 3095 γὰρ
324 3010 360 3075 τὸ
392 3014 422 3075 τί
453 3009 538 3095 ἔστιν
569 3007 626 3090 οὖχ
657 3007 767 3084 ἁπλῶς
797 3007 930 3094 ὑπάρχει
962 3009 1081 3084 αὐτοῖς,
1115 3008 1198 3073 elle

56 3109 59 3113 ἢ
93 3127 131 3214 τῇ
162 3126 221 3204 μὲν
247 3119 340 3202 οὐσίᾳ
372 3119 494 3196 ἁπλοῖς,
527 3118 635 3196 αὐτοῖς
666 3121 703 3185 δὲ
736 3120 795 3205 (se.
818 3132 883 3194 τοῖς
904 3118 1025 3203 ἄλλοις)
1059 3120 1094 3184 td
1119 3099 1199 3205 petel

93 3231 274 3316 προσθήκης
298 3234 336 3295 τί.
355 3231 419 3297 ἐστι
453 3233 562 3306 ποιόν,
595 3231 695 3305 οὕτως
726 3235 779 3292 καὶ
809 3229 846 3295 ed
876 3233 907 3293 τί
935 3229 976 3317 ἦν
1007 3233 1089 3296 εἶναι
1119 3230 1198 3316 μετὰ

93 3341 287 3426 προσθήκης,
319 3339 387 3406 οἷον
413 3345 443 3406 et
467 3339 509 3428 ἧν
532 3342 615 3405 εἶναι
641 3343 724 3431 ποιῷ
748 3339 812 3406 nel„
859 3339 1007 3410 Eundem
1033 3331 1199 3427 interpun-

92 3544 300 3559 -ι--ι-,ι

166 3687 193 3753 l)
211 3684 357 3740 Brevitatis
375 3701 469 3739 euussa
486 3685 565 3740 etiem
582 3685 610 3739 in
632 3684 821 3754 posterioribus
842 3684 916 3739 libris
933 3684 1119 3756 metaphysicis
1137 3685 1197 3738 inde

93 3768 128 3823 ab
146 3776 171 3824 Ε
193 3771 339 3824 Alexandri
356 3769 462 3823 nomine
480 3769 685 3838 significabimus
707 3787 753 3824 eos
772 3770 984 3834 eornrnenturi0s‚
1012 3771 1055 3842 qni
1072 3769 1153 3837 vrrlgo
1172 3767 1198 3821 ei

93 3855 278 3923 adsignantur,
296 3871 450 3926 quamquain
466 3872 511 3908 eos
524 3872 576 3909 nun
591 3872 650 3908 esse
666 3854 697 3908 ab
710 3855 861 3908 Alexandro
873 3854 1072 3926 Aphrodisiensi
1083 3854 1197 3924 scriptos

94 3948 124 3992 et
142 3955 178 3992 ex
194 3940 253 4009 ipsa
270 3957 360 3995 eorum
377 3940 465 3996 indole
483 3949 512 3993 et
527 3957 542 3994 e
560 3941 679 3995 eodieurn
696 3941 820 4010 vestigiis
838 3958 902 3995 vere
921 3939 1075 3996 Brundisino
1092 3938 1198 3993 videtur

90 4023 238 4093 judicasse.
