2602 4388
55 368 164 435 posse,
197 344 251 413 ubi
283 351 317 412 et
349 345 554 413 librariorum
587 366 731 411 errorem
764 345 920 416 facillime
951 345 1088 417 cicures
1115 358 1151 419 et

55 457 297 525 emendationes
323 456 380 522 vix
407 460 449 523 ed
478 456 636 523 incertum
662 458 867 546 conjecturae
888 483 993 545 genus
1015 461 1151 529 referes.

53 568 219 651 Eiusmodi
246 574 297 633 cst
318 575 358 642 N,
380 573 412 650 4,
435 588 466 651 p·
490 569 637 640 ldelbl.
660 569 731 652 (er.
753 575 829 654 301,
850 568 896 652 2.)
940 571 1079 642 tinacrit
1107 572 1152 637 ibi

52 677 267 765 Aristoteles,
299 678 451 762 exposite
484 685 518 745 ot
550 679 727 760 dijudicato
759 702 964 747 numerorum
992 684 1153 768 doctrine,

9 804 11 811 '
53 799 157 857 utrum
182 790 214 855 id
238 791 321 874 qnod
345 789 461 855 bonum
484 795 519 854 et
540 790 707 876 pulchrum
731 812 790 876 per
811 813 848 857 sc
870 799 922 857 est
943 792 976 857 in
999 792 1079 876 ipsis
1101 817 1153 861 re·

52 925 120 968 rum
145 900 312 986 principiis
333 901 517 985 ponendum
539 901 596 989 sit,
619 921 662 967 au
686 908 801 986 postes
823 904 953 967 demum
976 925 1035 988 per
1054 925 1151 988 geno·

53 1012 192 1079 sotionis
218 1013 387 1077 ‹loonrsum
415 990 573 1078 consuat(
609 1010 856 1097 Theologornm
883 1017 1058 1103 quosdam,
1090 1035 1154 1100 quo

54 1123 185 1189 nornine
208 1121 260 1189 hio
280 1121 508 1206 Pythagoreos
529 1129 563 1187 et
585 1119 803 1208 Speusippum
826 1125 990 1209 significet
1003 1126 1045 1211 ¹),
1070 1125 1156 1191 huuc

55 1233 263 1325 proposuisse
294 1233 506 1318 sententium,
533 1239 569 1299 ut
597 1234 714 1299 boumn
743 1241 778 1300 ct
799 1235 969 1321 pulchrum
992 1237 1111 1303 obesse
1133 1259 1156 1301 o

55 1343 221 1430 principiis
243 1351 276 1408 et
298 1351 462 1429 temquem
484 1344 648 1429 posterius
669 1347 827 1411 accedere
847 1343 1059 1434 (ὑστερογενῆ)
1091 1355 1158 1413 ote·

55 1461 195 1521 tuerent.
229 1459 322 1521 τοῦτο
344 1455 380 1520 δὲ
401 1460 554 1530 ποιοῦσιν,
575 1455 634 1540 uit,
656 1452 883 1540 εὐλαβούμενοι
903 1456 1059 1544 ἀληθινὴν
1078 1459 1157 1524 δνο-

53 1572 191 1654 χέριιαν,
212 1567 232 1653 ἢ
253 1567 418 1651 συμβαίνει
435 1576 500 1642 τοῖς
515 1565 673 1646 λέγουσιν,
695 1567 798 1650 ὥσπερ
820 1567 907 1644 ἔνιοι,
929 1567 964 1634 ιδ
986 1574 1029 1633 ἓν
1050 1567 1157 1655 ἀρχήν.

55 1676 101 1742 At
130 1677 159 1741 si
187 1681 340 1742 vorentur
368 1675 461 1740 honi
494 1684 647 1742 notorem
671 1698 793 1761 ponere
816 1677 850 1743 in
877 1676 1062 1762 principiis,
1094 1698 1161 1744 nou

55 1794 192 1873 possunt
219 1787 377 1851 deterreri
400 1785 475 1852 eliis
498 1787 761 1873 difficultatibus,
788 1787 851 1854 nisi
879 1787 920 1854 iis
944 1809 1029 1876 quoe
1051 1788 1158 1854 exori·

56 1906 156 1963 untur
189 1896 216 1961 si
257 1897 328 1982 quis
367 1897 510 1963 bonum
548 1899 693 1986 posuerit
731 1899 764 1962 iu
797 1899 982 1985 principiis,
1020 1920 1084 1965 nou
1118 1899 1159 1965 iis

55 2010 172 2097 quibus
198 2007 415 2091 impedientur
442 2010 495 2094 qui
523 2010 565 2075 οδ
598 2013 640 2076 ἓν
667 2010 859 2096 principium
887 2031 962 2075 esse
990 2019 1158 2080 censeant.

56 2120 174 2208 ltaque
196 2119 400 2186 scribendum
425 2127 474 2186 est
496 2133 560 2197 τοῖς
581 2122 731 2203 λέγουσιν,
752 2124 855 2209 ὥσπερ
872 2120 960 2198 ἔνιοι,
981 2121 1017 2188 od
1039 2121 1081 2189 sd
1101 2121 1161 2210 ἄρ-

57 2236 124 2319 χήν.
172 2229 277 2302 Quum
301 2231 561 2297 emendationem
584 2233 706 2297 nemini
727 2233 851 2316 adhuc,
877 2235 962 2316 quod
984 2233 1104 2319 scium,
1126 2233 1160 2297 in

57 2350 201 2411 mentem
225 2342 354 2407 venisse
376 2363 415 2406 eo
439 2343 546 2428 mugio
567 2343 680 2428 miror,
701 2345 784 2428 quod
806 2342 964 2428 proximis
984 2341 1093 2408 verbis
1107 2340 1161 2407 vol

58 2453 247 2520 necessario
270 2455 312 2517 ad
333 2473 404 2517 earn
428 2453 500 2518 duci
524 2453 684 2519 videmurr
714 2452 779 2517 ἔστι
800 2452 829 2516 δ’
852 2451 869 2539 ἢ
891 2452 1097 2539 δυσχέρεια
1118 2450 1163 2519 οδ

15 2629 18 2636 ,
58 2563 128 2641 διδ
154 2563 197 2629 ιδ
225 2568 266 2655 τῇ
293 2561 388 2656 ἀρχῇ
415 2565 456 2629 νδ
485 2562 530 2628 εδ
555 2562 802 2629 ἀποδιδόναι
827 2561 871 2640 ὥς
895 2561 1053 2648 δνοοέρχον,
1080 2561 1164 2627 ἀλλὰ

58 2675 117 2741 διδ
144 2674 181 2740 νδ
201 2673 237 2740 νδ
259 2679 295 2738 ἓν
316 2672 414 2760 ἀρχὴν
438 2679 491 2738 καὶ
517 2671 614 2759 ἀρχὴν
640 2671 683 2750 ὥς
709 2682 859 2754 στοιχεῖον
879 2670 956 2749 κτλ,
982 2672 1099 2759 quibus
1119 2671 1162 2740 of.

52 2785 202 2851 similem
234 2786 380 2866 ejusdem
409 2785 457 2850 rei
485 2786 722 2869 expositionem
752 2785 826 2855 110
844 2804 910 2870 sqq.
936 2784 1016 2849 diors
1043 2783 1080 2850 τδ
1106 2787 1165 2867 μὲν

57 2899 166 2985 φάναι
186 2897 242 2982 τὴν
264 2895 361 2982 ἀρχὴν
381 2899 530 2982 τοιαδιην
551 2899 633 2962 εἶναι
660 2897 720 2980 (so.
742 2895 777 2962 νδ
800 2893 851 2970 εὖ,
876 2894 912 2959 νδ
937 2893 1080 2978 ἀγαθόν)
1109 2893 1165 2959 εδ-

57 3010 158 3088 λογον
178 3004 296 3093 ἀληθὲς
317 3010 406 3072 εἶναι·
428 3007 464 3073 vo*
485 3011 592 3092 μέντοι
605 3010 752 3092 τοιαύτην
766 3009 848 3071 εἶναι
862 3005 897 3070 ed
912 3008 949 3069 ἓν
960 3041 1004 3055 -
1016 3039 1060 3053 -
1081 3001 1165 3067 cidd-

58 3139 171 3185 νοιτον.
229 3117 269 3182 ln
297 3117 400 3182 tribus
426 3118 520 3183 codd.
552 3116 739 3202 corruptela
775 3138 797 3180 e
829 3114 938 3200 priore
971 3112 1009 3181 ori
1039 3119 1164 3180 mutato
1259 3162 1268 3184 ι

58 3289 262 3299 ——n—--·-..—

132 3406 161 3474 1)
189 3408 329 3481 θεολόγοις
352 3408 508 3463 Aristoteles
532 3425 623 3460 omnes
647 3423 694 3461 eos
716 3416 807 3476 vocat,
836 3408 879 3481 qui
902 3408 960 3462 sive
983 3407 1084 3480 poitice
1106 3408 1164 3460 sive

61 3488 246 3561 philosophice
265 3494 296 3545 de
314 3493 404 3563 primis
422 3511 508 3547 rerum
530 3492 667 3563 elementis
685 3509 716 3545 oo
734 3491 867 3563 principiis
886 3502 1011 3561 egerunt,
1038 3492 1072 3545 ci.
1089 3498 1120 3557 A,
1139 3496 1166 3546 3.

62 3594 88 3647 p.
105 3575 233 3645 umbem
252 3585 282 3644 B,
300 3581 326 3629 1.
343 3594 369 3646 p.
387 3583 511 3647 1000a93
530 3585 564 3644 A,
583 3581 624 3633 10.
642 3595 667 3646 p.
685 3576 828 3645 107512ος
851 3577 1083 3646 (uruminorstsut,
1101 3578 1167 3631 iiber

61 3661 155 3715 inhait
176 3661 304 3717 deridet.
323 3661 369 3715 des
388 3663 467 3717 Arist.
485 3674 536 3717 etc.
554 3681 580 3734 p.
598 3664 649 3725 10.)
672 3662 751 3717 sicuti
773 3680 831 3717 com
853 3650 1034 3732 philosophiae
1056 3674 1166 3732 portem,

63 3763 142 3819 quern
162 3764 210 3800 nos
228 3745 434 3818 nretepbysiccm
453 3747 571 3815 dicimus,
588 3747 644 3818 ipse
662 3746 811 3816 theologiae
824 3746 928 3801 nornine
941 3747 1081 3816 insignivit
1097 3753 1129 3812 E,
1143 3752 1167 3799 1.

64 3848 90 3903 p.
112 3835 251 3896 reserum
272 3837 309 3898 K,
327 3835 351 3884 7.
370 3847 396 3900 p.
414 3829 531 3884 106113.
559 3830 712 3886 Alexander
729 3848 754 3902 p.
771 3834 890 3886 coeam.
924 3830 985 3885 Hoc
1006 3831 1063 3884 ioco
1086 3830 1167 3900 signi·

65 3915 142 3974 ficari
161 3913 342 3984 Pythagoreos
361 3926 388 3970 ot
407 3914 580 3986 Speusippum
599 3927 708 3989 apparet
724 3916 785 3972 ooli.
802 3925 837 3986 A,
853 3920 879 3974 ἵ.
897 3934 922 3990 p.
940 3915 1076 3973 1012031.
