2602 4388
104 206 167 284 124

100 393 185 460 quae
206 391 292 436 nune
313 375 389 432 sunt
411 369 443 434 in
467 370 675 456 editionibus,
697 372 727 436 si
746 372 907 458 sedetque
928 380 1003 440 AB.
1024 406 1067 421 ···
1091 370 1157 437 Sed
1174 374 1206 437 in

99 484 260 570 proximis
280 480 391 547 verbis
419 488 524 547 restat
546 486 653 565 major
676 482 862 549 difficultas.
905 483 960 548 ltu
985 478 1073 547 'enim
1103 483 1207 569 phito-

101 594 223 680 sophus
245 592 434 657 ratioeinari
457 594 581 676 pergit:
611 588 681 660 ἀλλ’
708 595 748 682 ἦν
774 593 947 660 ἀδύνατον.
991 593 1074 658 Erat
1097 600 1207 660 autem

100 714 132 773 B
153 703 367 791 impossibiie,
388 704 409 770 i.
425 725 454 770 e.
477 705 660 790 ponebatur
682 704 883 791 impossibile
898 725 983 789 esse,
1005 725 1070 768 non
1085 703 1121 768 in
1137 705 1209 790 ipsa

100 815 337 901 propositione,
360 814 474 879 sedin
496 814 657 901 principio
680 815 967 881 demonstrationis
989 815 1206 900 apagogiuae.

99 924 178 991 ἔστω
208 926 247 1013 δὴ
275 924 447 989 ἀδύνατον.
496 923 577 990 Esto
605 925 705 1011 igitur
731 935 764 992 B
788 924 1008 1012 impossibile,
1037 926 1209 993 videamus

99 1038 175 1123 quid
202 1036 279 1100 inde
304 1042 554 1101 consecuturum
583 1029 635 1104 sit.
665 1038 695 1101 si
720 1037 759 1123 δή
787 1034 951 1101 ἀδύνατον
965 1035 1100 1123 ,ἀνάγκη
1127 1039 1208 1106 εἶναι

97 1146 137 1212 ed
159 1151 201 1222 A,
224 1142 346 1229 ἀνάγκη
368 1151 420 1209 καὶ
441 1146 479 1212 τὸ
500 1155 532 1212 Β
555 1150 646 1212 εἶναι.
689 1145 784 1212 Haeo
813 1167 893 1212 vero
920 1149 1024 1212 verbe
1046 1149 1208 1233 quomodo

99 1256 286 1340 intelligas,
313 1256 438 1321 trustra
463 1257 518 1322 rel
544 1265 676 1323 veteres
697 1264 974 1322 eommentatores
996 1258 1062 1348 ,uel
1095 1279 1207 1323 reeen-

98 1367 200 1432 tiores
223 1367 420 1450 interpretes
441 1368 610 1448 eonsules3
633 1367 827 1452 Sylburgius
848 1376 938 1434 oerte
959 1367 1148 1452 confitetur,
1168 1389 1207 1433 se

98 1500 141 1544 ea
162 1498 225 1542 non
248 1455 453 1561 intelligere,
481 1479 565 1564 quod
588 1478 681 1542 dieite
713 1483 885 1542 sententia
911 1481 953 1543 in
974 1479 1207 1545 Bessus-ionis

100 1609 267 1676 quoque
288 1590 452 1673 versione
473 1588 621 1654 obseura
643 1601 702 1657 est.
741 1588 880 1655 Videtur
895 1594 1007 1653 tamen
1023 1590 1206 1655 mutatione

98 1701 187 1766 haud
208 1699 256 1763 ita
278 1719 400 1783 magna
422 1699 531 1764 verbis
552 1706 649 1782 aptus
670 1719 789 1764 sensns
809 1699 939 1764 restitui
953 1720 1061 1785 posse.
1095 1698 1205 1770 Quum

97 1812 186 1878 enirn
209 1808 413 1894 apertionis
435 1809 475 1894 δή
496 1808 681 1875 enunciatio
704 1812 862 1896 ordiatur,
885 1809 917 1875 id
930 1807 1053 1875 resumi
1066 1831 1206 1874 eonsen-

96 1929 232 1986 teneum
268 1927 342 2004 est,
376 1921 460 2006 quod
494 1927 594 1984 antee
622 1921 693 2000 jem
727 1920 849 1985 dietum
883 1942 923 1986 ae
953 1921 1206 2006 comprobatum

97 2031 228 2116 erut¹);
247 2033 318 2110 jam
334 2051 430 2114 quum
447 2033 623 2094 nnteeedat
643 2030 685 2117 ἦν
706 2029 870 2095 ἀδύνατον
889 2053 934 2096 so.
950 2031 986 2096 τὸ
1006 2039 1046 2107 Β,
1068 2031 1206 2117 ἔστωόῆ

98 2142 265 2208 ἀδύνατον
280 2161 324 2205 se.
340 2140 375 2204 τὰ
390 2147 430 2218 Β,
452 2161 518 2204 non
533 2149 707 2226 exspectes
722 2141 784 2206 diei
807 2144 836 2205 εἰ
856 2141 895 2226 δὴ
917 2139 1083 2206 ἀδύνατον
1102 2179 1150 2193 —
1169 2144 1205 2207 sd

96 2259 139 2329 A,
162 2253 219 2316 sed
242 2252 272 2315 ei
292 2250 332 2335 δή
353 2249 517 2316 ἀδύνατον
538 2293 582 2303 -
608 2250 645 2318 ed
666 2259 707 2317 Β.
749 2251 878 2316 Deinde
906 2250 933 2313 si
960 2252 1205 2334 eomparaveri·

96 2384 172 2427 mus
194 2383 267 2426 eam
290 2361 567 2447 enunciationem,
590 2384 674 2448 quae
690 2362 838 2446 proxime
861 2361 1068 2446 subsequitur
1081 2359 1205 2448 ἄλλ’ἧν

96 2475 163 2558 ἄρα
185 2471 221 2536 τὸ
243 2477 278 2538 A
300 2471 454 2547 δυνατόν,
482 2477 588 2560 etqui
610 2477 645 2538 A
671 2484 754 2537 erat
772 2471 958 2558 possibile,
987 2469 1205 2554 intelligimus

96 2589 198 2647 autea
220 2583 477 2646 demonstratum
499 2604 585 2667 esse,
612 2589 648 2648 A
669 2604 744 2648 esee
766 2581 979 2667 impossibiie,
1005 2579 1058 2648 oni
1073 2581 1203 2666 quidem

95 2692 281 2758 sententiae
309 2699 492 2775 opponatur
518 2691 585 2757 ἀλλ’
611 2692 653 2778 ἦν
677 2693 716 2756 ud
743 2698 778 2756 A
807 2693 961 2768 δυνατόνγ
993 2690 1106 2776 itaque
1140 2712 1203 2756 nun

95 2801 129 2866 in
151 2801 298 2886 protasi,
325 2804 383 2864 sed
411 2801 445 2863 in
472 2802 608 2886 epodosi
639 2802 818 2885 superioris
845 2800 1008 2866 enunciati
1037 2801 1203 2867 contineri

94 2932 245 2995 eeuseas,
268 2916 304 2973 ut
326 2915 361 2976 A
382 2910 585 2993 impossibiie
607 2911 744 2975 dieutur.
787 2908 881 2975 Haeo
901 2910 930 2974 si
952 2918 1044 2977 reete
1064 2912 1202 2996 collegi·

95 3045 180 3107 mus,
210 3021 416 3087 scribendum
439 3020 569 3085 videtur
596 3021 807 3106 transpositis
832 3027 868 3086 A
901 3028 936 3084 et
961 3029 994 3086 B
1013 3024 1204 3087 etuomine

95 3133 216 3218 ἀνάγκη
245 3135 370 3214 ejecto:
391 3133 421 3196 si
441 3131 481 3217 δὴ
505 3130 670 3196 ἀδύνατον
690 3132 728 3197 ud
748 3139 789 3208 B,
819 3130 940 3216 ἀνάγκη
965 3135 1019 3194 καὶ
1044 3131 1082 3196 τὸ
1103 3139 1140 3197 A
1161 3135 1205 3197 εἷ-

92 3264 158 3316 ναι,
181 3261 226 3306 sa.
250 3241 424 3309 ἀδύνατον.
473 3240 510 3305 Si
539 3262 618 3307 vero
640 3241 842 3325 impossibiie
864 3248 916 3306 est
937 3248 986 3324 B,
1013 3243 1204 3307 necessario

95 3353 195 3419 etiam
217 3356 251 3415 A
272 3352 336 3413 erit
357 3351 568 3437 impossibiie.
611 3349 760 3416 Positum
783 3356 893 3415 eutem
915 3356 966 3414 est
986 3358 1022 3417 A
1043 3354 1204 3436 possibile

93 3484 182 3545 osse,
203 3460 360 3545 possibile
381 3461 482 3544 igitur
507 3462 605 3526 etiem
628 3470 669 3527 B.
696 3499 741 3510 -
767 3460 823 3524 lta
848 3467 940 3527 reete
965 3468 1001 3526 ot
1028 3463 1204 3547 perspicue

93 3571 330 3636 demonstratio
369 3572 571 3657 propositum
603 3571 701 3635 finem
734 3570 940 3657 misequitur,
980 3577 1014 3636 et
1047 3573 1204 3639 universe

92 3681 307 3749 ratioeiuutio
329 3681 382 3744 his
403 3682 514 3748 vorbis
536 3680 741 3747 concluditur
767 3683 812 3744 ἄν
840 3683 907 3766 ἄρα
933 3681 953 3776 ᾖ
976 3681 1015 3749 ed
1041 3687 1077 3752 A
1099 3683 1204 3755 doru-

93 3830 292 3842 ....,.......-

162 3917 190 3984 l)
207 3916 340 3988 cip-21
358 3923 386 3970 et
402 3919 446 3970 55.
