2602 4388
131 168 175 235 38

22 354 32 367 ·
130 329 249 397 liorum
273 330 545 418 interpretationi,
568 327 622 396 uel
638 326 828 394 Aristotelis
847 327 1008 394 scribendi
1024 326 1096 392 usui
1111 347 1242 393 accom-

125 445 300 508 modatum
327 450 389 508 cst.

223 551 348 618 Omnes
371 551 429 616 hos
446 551 552 636 lucae,
582 552 623 615 de
645 549 761 637 quibus
783 571 869 615 nuuc
891 547 1144 635 disputavimus,
1166 546 1245 615 licet

132 663 324 750 impeditam
360 684 400 728 ac
436 661 604 726 difficilem
639 661 782 726 habeant
817 658 1107 742 constructionem,
1147 660 1244 724 modo

132 781 275 839 extensa
296 773 426 856 lougius
458 764 601 857 protasi,
636 772 730 834 modo
762 769 908 856 pluribus
929 769 1009 834 colis
1036 790 1097 856 per
1124 791 1245 854 paren·

133 882 240 950 tlresin
264 883 462 971 interjectis,
485 885 527 946 ad
550 881 747 946 anacolutlm
768 886 879 944 tanuen
903 901 966 943 non
990 888 1081 945 recte
1100 879 1245 966 referas,

130 995 286 1082 quoniam
312 991 465 1078 apodosis
491 1013 556 1054 non
585 991 691 1055 solum
725 991 889 1056 sententia
918 993 975 1055 sed
1006 991 1104 1056 ctiam
1132 1012 1245 1077 gram·

129 1104 257 1170 matiea
276 1101 384 1167 forma
406 1109 483 1189 apte
505 1109 540 1168 et
561 1109 714 1167 annulata
736 1123 808 1166 cum
832 1102 956 1186 protasi
977 1101 1131 1170 concinit.
1177 1100 1246 1169 Sed

133 1219 267 1279 exstant
283 1213 383 1279 etiam
399 1212 628 1279 anacolutlriae
643 1211 799 1297 exempla
819 1211 850 1275 in
865 1213 1113 1298 metaphysicis,
1132 1234 1246 1300 quam·

132 1324 185 1389 vis
208 1323 309 1388 multo
330 1323 475 1407 rariora,
503 1343 601 1408 quam
624 1344 644 1386 e
666 1323 874 1388 distinctione
896 1324 1084 1388 etiamnunc
1105 1325 1246 1416 vulgata

131 1454 280 1500 censeas.
303 1433 384 1500 Huc
400 1433 544 1498 referam
559 1439 611 1516 M,
623 1439 655 1504 tl.
677 1455 710 1517 p.
728 1433 897 1505 1078b17.
914 1454 983 1520 sqq.
1006 1434 1076 1519 (ur.
1091 1441 1170 1519 266,
1187 1433 1245 1519 5.),

134 1565 198 1633 quo
220 1543 292 1610 loco
308 1543 507 1610 Aristotele·
521 1542 678 1629 explieat,
701 1543 815 1629 quibus
828 1546 955 1608 caussis
971 1542 1066 1608 Plato
1085 1545 1246 1610 adductus

134 1657 191 1743 sit,
212 1662 248 1721 ut
269 1654 362 1722 ideas
384 1663 550 1740 tamquam
574 1656 742 1736 sejunctas
765 1677 786 1719 a
807 1675 917 1720 rerum
940 1653 1143 1718 sensibilium
1158 1676 1247 1720 οοιιι-

134 1767 287 1832 munione
320 1773 354 1832 et
381 1787 443 1852 per
476 1786 513 1831 se
546 1766 746 1832 exsistentes
772 1770 944 1832 statueret.
992 1767 1183 1848 Σωκράτους
1210 1765 1246 1829 δὲ

133 1882 204 1962 περὶ
230 1877 287 1957 τάς
311 1874 427 1962 ἧθτκάς
458 1875 573 1963 άρετάς
605 1879 905 1963 πραγματευομένου
937 1879 990 1939 καὶ
1020 1878 1092 1958 περὶ
1124 1877 1247 1939 τούτων

134 1983 294 2072 ὁρίζεσθαι
317 1987 462 2053 καθόλου
488 1987 654 2073 ζητοῦντος
680 1987 805 2072 πρώτου
834 1985 911 2071 (τών
936 1989 995 2069 μὲν
1022 1982 1083 2067 γάρ
1103 1989 1247 2070 φυσικῶν

54 2084 56 2091 “
132 2094 187 2160 sm
207 2097 317 2181 μικρὸν
334 2099 523 2184 Δημόκριτος
542 2100 651 2189 ἥψατο
673 2099 774 2180 μόνον
794 2100 847 2159 καὶ
867 2092 1002 2180 ώρίσατό
1024 2115 1092 2170 πως
1113 2094 1149 2160 τό
1172 2100 1246 2181 θερ-

45 2195 46 2199 ’
133 2203 197 2288 priv
223 2210 277 2269 καὶ
303 2205 339 2271 τό
360 2208 494 2299 ψυχρόν
529 2208 559 2274 οἳ
582 2208 619 2272 δὲ
640 2206 861 2291 Πυθαγόρειοι
880 2205 1034 2292 πρότερον
1059 2209 1248 2291 περί-τινων

132 2313 264 2400 ὀλίγων,
291 2312 338 2382 ὥν
364 2315 438 2393 τους
464 2316 578 2400 λόγους
603 2319 647 2393 εἷς
668 2313 742 2393 τοὺς
762 2314 919 2400 &propelle
940 2314 1096 2400 ἀνῆπτον,
1127 2313 1198 2379 οἷον
1219 2320 1248 2380 τί

133 2423 200 2489 &m
220 2426 327 2511 καιρός
346 2429 368 2514 ἢ
388 2427 424 2492 τό
447 2427 570 2492 δίκαιον
590 2429 612 2515 ἢ
632 2428 762 2510 γάμος),
796 2425 912 2501 ἐκεῖνος
933 2425 1070 2506 εὐλόγως
1091 2423 1198 2512 ἐζήτει.
1211 2427 1246 2491 τό

132 2538 165 2601 τί
190 2534 283 2602 ἔστιν.
327 2535 382 2601 Ad
411 2537 559 2621 protasin
580 2540 767 2623 Σωκράτους
793 2540 1095 2621 πραγματευομένου
1125 2539 1247 2620 ομοιΙο-

132 2645 186 2708 nin
219 2647 351 2731 ἐκεῖνος,
385 2646 407 2713 l.
436 2669 466 2714 υ.
495 2649 673 2734 Σωκράτης,
707 2645 842 2726 εὐλόγως
874 2645 967 2731 ἐζήτει
1000 2645 1136 2732 referri,
1169 2646 1248 2712 licut

134 2754 309 2835 interjecta
330 2756 534 2843 parenthesi,
561 2778 626 2821 non
649 2755 792 2821 adducor
814 2757 857 2820 ad
879 2757 1024 2842 credam,
1045 2758 1246 2844 pracsertim

133 2886 231 2956 quum
254 2865 326 2949 ipsa
348 2865 430 2932 lraec
450 2866 606 2952 apodosis
627 2889 699 2931 cum
724 2867 960 2931 sententiarum
984 2868 1097 2933 ordine
1119 2875 1156 2933 et
1169 2890 1248 2934 con·

134 2982 228 3041 textu
250 2997 315 3042 non
337 2977 522 3043 conveniat.
566 2976 697 3042 Etenim
720 2977 748 3042 si
770 2978 842 3061 quis
865 2976 1039 3061 diligenter
1054 2979 1247 3064 attenderit,

133 3088 219 3172 quod
240 3091 284 3154 sit
306 3087 403 3170 hujus
425 3088 654 3174 disputationis
674 3088 859 3173 eonsilium,
880 3095 914 3152 et
937 3110 1008 3152 eum
1026 3088 1132 3152 locum
1148 3090 1247 3174 primi

134 3195 206 3260 iibri
235 3198 427 3284 contulerit,
454 3197 516 3285 .qui
544 3221 615 3264 cum
644 3207 757 3264 nostro
784 3220 919 3283 prorsus
946 3199 1103 3282 concinit,
1134 3207 1188 3286 A,
1214 3208 1247 3272 ti.

133 3326 166 3393 p.
195 3308 337 3377 987b1.
372 3311 414 3373 ad
448 3307 596 3395 protasia
624 3311 809 3395 Σωκράτους
840 3313 1140 3394 πραγματευομένου
1175 3316 1249 3397 περὶ

134 3415 209 3492 τους
229 3417 374 3482 καθόλου
396 3415 544 3502 ὁρισμούς
572 3419 777 3484 referendam
808 3417 971 3504 intelliget
997 3418 1158 3505 apoduein
1187 3421 1248 3484 hu·

131 3526 188 3610 jus
209 3527 399 3595 ‚sententiae
420 3525 561 3590 Πλάτων
586 3529 717 3605 τούτους
737 3527 812 3604 τούς
833 3526 981 3613 όρισμοιλς
1003 3529 1159 3615 ἐχώρισεν.
1203 3529 1249 3596 Et

135 3635 217 3701 lraca
239 3637 365 3721 quidem
389 3636 553 3701 sententia
574 3635 660 3701 inest
681 3636 790 3703 verbis
804 3639 915 3722 paullo
931 3638 1142 3705 inferioribus
1164 3649 1248 3715 οξτο.

135 3744 203 3809 ἀλλ’
225 3743 243 3811 ό
265 3751 324 3829 μὲν
344 3750 508 3832 Σωκράτης
530 3744 570 3812 τά
590 3745 734 3810 καθόλου
756 3745 796 3812 οὐ
815 3750 951 3835 χωριστά
966 3751 1063 3816 ἐποίει
1079 3749 1159 3817 odor
1173 3752 1250 3830 τοός

135 3851 291 3938 όρισμοός·
325 3854 357 3922 oi
379 3855 407 3920 δ’
430 3856 582 3941 ἐχώρισαν
602 3854 666 3921 κτλ.
688 3854 735 3918 ita
755 3856 898 3942 qrridem,
918 3867 953 3924 ut
976 3859 1058 3927 haec
1082 3863 1196 3948 rerba,
1220 3863 1248 3928 si

134 3967 332 4034 sententiam
357 3965 575 4054 spectatoris,
599 3986 659 4051 pro
682 3968 817 4052 apodasi
840 3968 992 4034 habenda
1013 3969 1078 4035 sint
1100 3974 1250 4058 protasis
