2602 4388
1131 211 1172 276 tt)

71 368 117 432 sai
138 366 175 433 τό
197 364 283 444 εἶδος
302 369 355 432 καὶ
375 362 394 454 ἧ
416 367 486 454 ἐμή,
507 369 552 456 τῷ
571 364 715 433 καθόλου
736 366 774 432 δὲ
793 366 876 457 λόγῳ
897 364 1008 436 ταότό.
1048 369 1171 438 Distin-

69 478 135 562 guit
149 475 351 543 Aristoteles
371 477 411 543 τό
431 478 473 564 μὴ
495 477 531 542 ἓν
551 475 656 568 ταύτῷ
675 481 757 558 γένει
777 485 812 542 et
832 479 873 542 τα
894 480 930 544 έν
950 477 1060 572 ταύτῷ
1080 483 1171 563 εἴδοις

53 566 101 652 'in
117 586 187 653 iliis
213 606 349 653 oaussos
377 593 412 652 et
433 586 599 654 elementa
626 608 701 655 esse
729 585 796 652 alia
821 587 958 654 aliorum
982 598 1016 656 et
1043 599 1170 659 tuntum

69 717 125 782 per
150 695 341 780 analogiam
368 697 503 781 eadem,
529 696 687 785 siquidem
708 697 818 763 omnio
839 697 1025 764 referuntur
1045 705 1088 768 ari
1114 724 1171 768 no·

69 805 171 873 tiones
192 805 322 872 tonnae
342 812 377 873 et
402 807 572 893 tnateriae,
593 814 686 872 aetus
706 815 740 873 et
764 808 947 895 potentiae3
974 807 1006 873 in
1029 809 1079 875 his
1105 810 1171 878 ele·

69 924 175 983 meuta
198 915 308 1001 speeie
330 922 364 982 et
385 915 518 982 notione
539 939 613 984 esso
636 920 764 1004 eadem,
786 916 945 1004 singulari
960 924 1068 984 autem
1085 921 1171 986 exsi-

69 1027 190 1093 stantia
210 1026 343 1093 diversa
364 1024 441 1109 (τῶν
462 1031 539 1091 καθ’
559 1030 689 1092 ἕκαστον
710 1029 789 1094 ἄλλο
809 1029 897 1112 κτλ).
933 1027 1049 1117 ltaque
1071 1051 1171 1117 appa·

68 1143 115 1203 ret
127 1143 207 1222 post
227 1136 400 1222 amenoptes
419 1143 595 1220 eommate,
618 1144 692 1223 post
709 1136 871 1219 ἀνάλογον
883 1137 955 1209 ουΙο
970 1140 1171 1226 distinguen-

68 1249 139 1313 dum
162 1267 252 1332 esse,
275 1252 310 1311 et
324 1267 453 1311 eomma
468 1253 542 1330 post
557 1247 636 1313 ἄλλο
651 1247 836 1333 delendum,
858 1248 936 1335 quia
955 1252 977 1336 ἢ
997 1273 1032 1315 τε
1053 1251 1090 1336 op
1111 1250 1170 1338 ὕλη

66 1357 125 1423 κτλ
153 1355 294 1437 subiecti
321 1355 428 1421 losum
455 1356 579 1422 habeut
605 1357 648 1422 ad
679 1359 904 1444 praedicatum
936 1358 1025 1426 ἄλλο.
1073 1358 1170 1429 Unde

10 1514 12 1543 ÷
66 1466 146 1532 haee
159 1466 301 1533 aii'reitur
321 1465 485 1531 enunciati
507 1465 614 1531 formu
636 1466 721 1532 ἄλλα
736 1468 772 1532 δὲ
793 1468 900 1534 ἄλλων
915 1472 1003 1534 αἴτια
1014 1472 1069 1536 καὶ
1082 1486 1169 1537 onor·

10 1578 12 1589 '
64 1590 146 1660 χαΐα,
177 1578 284 1663 ὥσπερ
305 1575 431 1662 ἐλέχθη,
463 1580 516 1641 καὶ
540 1580 605 1643 τεόν
623 1577 666 1663 μὴ
687 1576 723 1642 έν
743 1575 850 1669 ταύτῷ
868 1581 963 1659 γένει,
986 1581 1169 1664 χρωμάτων,

65 1689 204 1781 ψόφων,
234 1684 365 1769 oenoe,
393 1687 582 1772 ποσότητος,
614 1687 696 1773 πλὴν
722 1691 769 1777 τῷ
787 1686 956 1769 ἀνάλογον·
977 1692 1031 1753 καὶ
1050 1692 1113 1753 τῶν
1133 1688 1169 1755 έν

65 1797 170 1888 ταύτῷ
191 1796 269 1863 eides
289 1800 392 1880 ἕτερα,
414 1793 471 1861 esis
492 1795 580 1881 εἴδει,
601 1795 669 1861 ἀλλ’
690 1798 741 1863 ότι
760 1800 823 1862 τῶν
842 1802 918 1863 καθ
938 1801 1069 1863 ἕκαστον
1090 1797 1169 1863 ἄλλο

12 1944 18 1951 -
65 1911 83 1994 ἢ
103 1932 138 1973 τε
159 1907 200 1993 σι)
219 1906 280 1992 etp
299 1931 328 1972 ιι.
349 1930 376 1972 τ.
397 1929 424 1974 ιι.
439 1929 467 1970 ιι.
489 1929 514 1971 τ.
536 1930 562 1970 a.
586 1912 638 1971 καὶ
658 1904 678 1994 ἦ
701 1907 772 1992 ἐμή,
798 1910 843 1996 τῷ
862 1906 1006 1972 καθόλου
1027 1906 1065 1972 δὲ
1085 1907 1168 1998 λόγῳ

64 2015 175 2085 ταότό.
233 2014 330 2082 Hane
362 2015 581 2101 distinguendi
614 2016 775 2081 rationem
802 2015 946 2102 sequitur
972 2017 1167 2100 Bessari0n3

64 2129 203 2193 eandem
229 2125 456 2193 Alexandrum
484 2126 693 2209 praecepisse
720 2125 773 2191 vel
801 2148 843 2191 ex
870 2146 911 2192 ea
943 2133 1039 2213 parte
1066 2127 1168 2193 inter·

63 2237 258 2324 pretationis
278 2236 433 2321 eoliigas,
460 2256 557 2322 quam
581 2234 702 2305 Brund.
728 2236 874 2302 exhibuit
894 2256 926 2319 p.
949 2241 1101 2308 802843.
1124 2273 1168 2289 -

63 2350 115 2415 Ad
136 2348 222 2434 nipe
241 2352 285 2437 τῷ
306 2346 466 2429 ἀνάλογον
487 2344 528 2412 of.
550 2351 598 2431 A,
618 2350 650 2416 4.
673 2346 899 2432 p.1070o17;
921 2345 997 2413 Eoo.
1020 2346 1060 2414 N.
1083 2345 1179 2431 vll,

62 2468 92 2532 o
114 2481 148 2545 p.
174 2456 342 2531 1148o10.

145 2574 202 2654 A,
222 2575 255 2639 u.
282 2571 485 2652 p·1075127·
513 2565 583 2646 (Br-
604 2572 686 2650 255,
715 2564 784 2650 27.)
832 2566 993 2650 Exposita
1018 2584 1167 2633 summos

60 2679 183 2747 mentis
203 2685 341 2763 natura,
367 2698 453 2764 quae
475 2698 605 2760 semper
627 2681 702 2739 aotu
724 2675 784 2760 sit,
809 2696 983 2763 numquam
1004 2677 1166 2762 potentia,

59 2794 243 2877 eademque
271 2794 305 2853 et
335 2787 482 2871 cogitans
515 2794 549 2852 et
582 2807 661 2850 suae
693 2785 762 2872 ipsa
788 2786 978 2871 cogitationi
1005 2788 1165 2873 subjecto,

60 2899 262 2967 Aristoteles
283 2897 424 2987 quaerit,
447 2919 523 2962 num
540 2897 574 2961 iol
589 2898 673 2983 quoti
694 2918 821 2961 summa
836 2917 928 2962 ruens
941 2896 1066 2981 cogitat
1079 2918 1167 2962 eom·

58 3010 203 3098 positum
233 3030 307 3076 esse
333 3007 453 3093 possit,
480 3008 509 3071 ei
535 3009 692 3072 σύνθετον
717 3006 754 3071 τό
782 3009 965 3090 νοούμενον.
1013 3005 1108 3077 Qum}
1135 3003 1166 3069 si

59 3140 246 3205 sumamus,
266 3120 341 3184 iude
363 3138 567 3203 consequens
589 3114 676 3198 foro,
706 3121 742 3179 ut
769 3114 841 3199 ipsa
862 3135 955 3181 mena
976 3114 1010 3178 in
1031 3134 1165 3198 percur-

59 3232 171 3299 remtis
199 3238 234 3297 et
266 3227 498 3316 persequendis
526 3223 663 3309 singulis
692 3223 839 3310 partibus
867 3224 1039 3290 ruutationi
1066 3226 1166 3292 obuo-

57 3342 116 3408 1ia
137 3341 198 3427 sit,
219 3340 305 3427 quod
326 3347 467 3405 naturae
488 3336 608 3402 mentis
630 3339 806 3420 repugnet,
827 3335 1018 3420 μεταβάλλοι
1037 3335 1099 3421 γαρ
1120 3337 1165 3401 ἄν

58 3454 94 3519 ἓν
114 3464 183 3528 τοῖς
201 3454 306 3537 μέρεσι
326 3455 384 3516 τοῦ
405 3450 491 3515 ὅλου.
534 3446 611 3513 Jam
634 3444 836 3530 propositam
859 3445 1080 3531 quaestionem
1098 3443 1164 3509 sol·

57 3564 106 3630 vit
128 3562 180 3627 his
201 3561 313 3628 verbis
339 3562 360 3647 ἢ
380 3558 562 3645 ἀδιαίρετον
582 3561 652 3623 πᾶν
679 3556 716 3621 τό
741 3555 783 3641 μή
804 3556 877 3637 ἔχον
897 3554 989 3639 ὕλαν,
1015 3555 1120 3639 ὥσπερ
1141 3551 1161 3620 ό

57 3673 264 3758 ἀνθρώπινος
284 3675 361 3745 νοός
380 3671 401 3754 ἢ
422 3670 440 3735 ὅ
462 3693 496 3750 ys
516 3672 581 3733 τόν
601 3669 762 3733 συνθέτων
783 3664 845 3747 ἔχει
866 3664 902 3729 ἔν
917 3685 977 3728 τινι
988 3664 1100 3752 χρόνῳ·
1122 3661 1162 3728 ori

55 3786 119 3869 γαρ
140 3783 205 3865 ἔχει
225 3781 261 3846 τό
283 3780 321 3848 eri
342 3781 377 3846 ἐν
398 3779 514 3867 spodio}
536 3779 571 3842 ἓν
592 3777 681 3866 τῳδί,
714 3771 782 3839 ἀλλ’
808 3775 843 3838 έν
868 3774 930 3863 ὅλῳ
951 3780 1011 3838 τινὶ
1032 3774 1067 3839 τό
1090 3772 1161 3857 ἄρα.

57 3911 148 3972 στον,
181 3894 221 3957 όν
252 3891 333 3956 ἄλλο
365 3913 403 3955 τι.
437 3889 536 3963 οὕτως
557 3887 586 3951 δ’
612 3886 674 3969 ἔχει
700 3882 780 3970 αὐτῆ
807 3877 903 3971 αότῆς
929 3880 948 3971 ἦ
975 3884 1079 3968 νόησις
1104 3882 1161 3947 τόν

56 4006 190 4069 ἅπαντα
211 4003 324 4069 αἰῶνα.
378 3998 470 4076 Quae
491 3997 592 4066 verba
613 3995 708 4061 sieuti
728 4016 814 4062 nuno
835 4002 869 4063 et
889 3994 1064 4075 eonjunota
1085 3999 1161 4057 suut

928 4106 973 4179 §xit
