2602 4388
1119 172 1163 239 43

58 334 183 419 agitur,
205 332 339 399 tertium
361 331 522 398 decimum
544 330 632 414 dion3
653 353 756 418 qrrare
778 351 842 397 non
866 332 995 418 mirum,
1015 337 1101 422 quod
1122 336 1163 400 li·
1194 370 1198 374 ·

56 443 155 511 brurii
178 464 280 509 sensu
307 441 475 528 scriptoris
502 462 569 507 non
597 443 679 507 satis
705 442 872 508 intellecto
899 446 1032 529 sucpius
1054 445 1106 511 rel
1129 447 1163 511 in

56 554 236 621 levioribus
262 554 316 619 vel
345 555 378 618 in
399 553 608 638 gravioribus
629 554 726 620 rebus
753 553 838 638 tapsi
864 563 955 636 suut3
982 560 1040 622 sed
1067 560 1163 623 modo

55 667 126 753 ipae
148 665 372 749 Aristoteles,
402 669 497 731 modo
520 672 648 730 veteres
671 666 743 744 ejus
764 665 962 750 interpretes
984 667 1052 732 veri
1075 669 1164 734 inve-

55 775 166 841 niendi
188 776 278 841 viam
301 783 504 860 monstrant,
536 775 569 842 si
592 773 665 861 quis
693 774 868 860 diligenter
889 797 1000 840 eorum
1025 778 1165 864 vestigia

55 894 222 974 nequatur.
266 885 319 951 Ex
344 886 386 952 iis
413 909 496 974 quaa
522 885 693 952 leuissima
720 886 848 952 medela
875 887 1027 952 videntur
1053 890 1164 953 rausri

55 1019 155 1084 posse
189 998 262 1079 jam
294 1019 537 1087 persequemur.
592 996 715 1062 Altera
750 1005 847 1088 parte
881 996 1002 1084 capitis
1032 998 1164 1084 septimi

54 1107 259 1173 Aristoteles
279 1129 393 1174 aurum
409 1109 590 1175 doctrinam
608 1109 788 1193 examinat,
811 1110 863 1193 qui
885 1109 1030 1175 unitates
1052 1110 1163 1175 incon-

56 1217 233 1285 sociabiics
263 1225 468 1311 statuerant,
502 1240 545 1284 ax
578 1218 693 1306 quibus
727 1217 846 1285 fierent
873 1220 1000 1284 numeri
1029 1220 1163 1289 ideales.

55 1329 102 1394 At
123 1329 155 1394 si
176 1328 250 1416 quis
272 1329 359 1393 tales
381 1330 525 1414 posuerit
547 1330 708 1416 unitates,
731 1351 795 1394 uon
819 1351 917 1415 posse
939 1351 1013 1397 esse
1035 1331 1165 1397 Aristo-

56 1439 139 1506 tcles
154 1439 324 1506 contendit
345 1440 590 1526 (p.1081b10.)
612 1441 717 1540 ipsam
740 1444 879 1522 dyadem
903 1463 1007 1529 nequo
1022 1441 1164 1540 reliquos

57 1570 214 1616 numeros
234 1549 368 1618 ideuloe.
421 1549 668 1638 Qualescunque
689 1552 777 1618 enim
799 1553 944 1617 unitates
965 1575 1040 1618 esse
1062 1553 1167 1619 tinxe-

56 1663 173 1746 rimus,
195 1661 307 1749 utique
321 1682 492 1728 nnmerum
508 1660 581 1727 fieri
596 1665 758 1746 addendo,
777 1663 877 1728 veluti
893 1663 1052 1729 binarium
1068 1684 1166 1749 quum

58 1775 200 1838 addatur
222 1775 264 1837 sd
292 1774 452 1838 unitatem
479 1772 606 1857 unitus,
633 1772 730 1838 simili
758 1775 887 1840 rationo
913 1775 1095 1838 ternarium
1121 1794 1167 1838 ex

58 1882 187 1948 binario
209 1889 244 1948 et
266 1882 416 1970 reliquos.
460 1882 577 1972 Itnque
600 1883 627 1948 si
651 1892 813 1971 statuunt,
840 1884 1086 1972 quaternarium
1107 1905 1166 1948 uu-

60 2016 184 2060 merum
207 1994 359 2078 progigni
388 2016 431 2058 ex
460 1994 532 2078 ipss
559 1998 683 2080 dyada,
710 1996 731 2063 i.
755 2019 784 2064 a.
808 2020 851 2062 ex
873 1997 980 2076 dyade
1002 2014 1087 2081 quue
1112 2001 1166 2060 cst

58 2106 146 2190 idea,
169 2111 204 2171 ot
225 2127 268 2170 ex
290 2107 396 2198 dyude
419 2105 599 2190 indefinita,
622 2106 699 2174 inde
720 2108 884 2195 consequi,
907 2114 943 2173 ut
965 2107 1027 2171 duo
1049 2106 1167 2172 binarii

57 2215 199 2301 numeri,
221 2215 338 2302 quippe
361 2217 413 2302 qui
436 2217 622 2281 necessario
645 2219 677 2282 in
700 2216 910 2304 quaternario
924 2217 1165 2300 contineantur,

60 2329 225 2393 exsistant
251 2333 386 2413 practer
413 2327 518 2412 ipsam
548 2331 706 2414 dyadem,
734 2328 794 2394 δύο
822 2329 940 2404 δοάδες
967 2339 1040 2413 παρ*
1068 2326 1168 2412 αὐτὴν

59 2440 113 2525 τὴν
128 2438 249 2504 δυάδα.
281 2437 351 2502 lam
375 2439 423 2503 ita
445 2441 553 2526 pergit
567 2443 616 2516 M,
630 2444 662 2511 7.
677 2462 709 2525 p.
728 2445 808 2513 1081
819 2440 897 2511 b23.
920 2439 991 2524 (nr.
1006 2443 1084 2522 274,
1102 2439 1166 2518 10.)

58 2552 87 2614 si
113 2549 153 2614 δὲ
179 2549 235 2635 μή,
262 2550 374 2632 μόριον
397 2549 486 2614 ἔσται
520 2540 617 2636 αὕτη
644 2549 663 2638 ἢ
692 2552 788 2628 donc,
820 2549 911 2636 ἑτέρα
937 2551 974 2615 δὲ
1000 2552 1169 2633 προσέσται

57 2666 116 2746 μία
144 2659 239 2737 δυάς,
272 2666 326 2724 καὶ
350 2655 370 2745 ἦ
398 2660 479 2736 dude
506 2660 594 2742 dorni
621 2661 655 2726 ἐκ
682 2666 740 2726 τοῦ
766 2660 837 2737 ἑνδς
863 2659 1039 2725 αὐτοῦκαὶ
1066 2659 1168 2725 ἄλλον

57 2772 131 2849 ἑνός
153 2771 175 2836 i.
197 2791 226 2836 e.
253 2770 368 2858 quodsi
390 2771 451 2836 hoc
473 2771 659 2858 defugiunt,
689 2794 731 2837 ne
759 2775 854 2837 duas
882 2774 1008 2853 dyades
1036 2776 1168 2855 praeter

59 2882 166 2970 ipsa-
188 2882 346 2966 dyadem,
366 2903 463 2967 quum
486 2883 591 2947 solnm
614 2883 721 2948 ideam
744 2905 818 2949 esse
840 2882 966 2968 volunt,
987 2882 1168 2947 concedere

59 2999 238 3078 cogantur,
272 2995 421 3058 statuunt
452 2995 615 3080 oportebit
648 2995 773 3060 numeri
806 2992 1006 3081 quaternarii
1038 2995 1168 3076 partam

59 3127 135 3171 esse
163 3102 292 3188 ipsam
322 3105 461 3184 dyadem
489 3113 524 3172 et
551 3109 710 3171 accedere
738 3113 913 3190 praeterae
945 3123 1061 3167 unam
1089 3102 1169 3181 dya-

59 3217 152 3300 dem,
186 3236 227 3279 ac
257 3215 330 3301 pari
364 3218 459 3281 ruodo
490 3222 707 3302 consequetur
733 3222 770 3280 ut
797 3218 879 3296 dyas
906 3212 1097 3279 conficiatur
1125 3233 1168 3277 ex

58 3326 69 3391 i
75 3348 150 3413 psa
170 3324 296 3390 unitate
318 3327 430 3391 addita
445 3326 580 3412 insuper
595 3326 662 3391 alin
676 3327 813 3393 unitate.
849 3325 1010 3390 Nimirum
1026 3321 1168 3389 scriben-

59 3439 137 3502 dum
161 3456 236 3501 esse
253 3457 312 3520 pro
335 3439 432 3523 αὕτη
452 3435 472 3525 q‘
495 3437 578 3514 δοάς
598 3473 641 3486 —-
662 3435 758 3524 αὐτὴ
779 3435 798 3524 ἦ
821 3437 903 3514 δυάς
917 3440 1065 3521 apertum
1083 3438 1169 3499 este

59 3546 173 3615 verbis
186 3532 345 3632 proximis
360 3547 393 3610 ἐκ
413 3553 472 3614 cort
492 3547 563 3624 ἑνδς
584 3546 710 3614 ednod
730 3552 783 3613 aiat
804 3546 927 3611 ἄλλον
949 3543 1029 3620 ἑνός,
1051 3543 1169 3629 quibus
1231 3587 1232 3590 κ

59 3661 287 3743 respondeant
308 3678 444 3724 neeesse
459 3665 511 3724 ast
531 3657 704 3744 superiora
727 3656 824 3743 αδτή
844 3653 863 3742 ἧ
886 3655 976 3732 δοάς,
997 3653 1110 3741 ἑτέρα
1132 3653 1169 3717 δὲ

59 3771 154 3846 δυάς.
195 3767 396 3835 Emendatio
425 3791 483 3855 per
511 3791 548 3837 se
575 3769 711 3837 evidens
738 3765 947 3833 confirmetur
974 3767 1168 3850 interpretu-
1243 3810 1248 3819 .

61 3882 154 3946 tione
177 3880 309 3962 Syriaui
332 3879 532 3944 niderosten
555 3883 715 3966 φεύγοιεν,
741 3877 839 3945 πάλιν
860 3875 1088 3963 ὁμολογήσουσι
1109 3873 1169 3959 μδ-

62 4013 135 4078 ριοο
148 3993 231 4057 εἶναι
252 3989 306 4078 τὴν
326 3988 560 4059 αδοοδοοίδο
582 3995 634 4078 τῆς
654 3989 892 4077 οὐτοτετρδδος,
911 3993 963 4056 καὶ
976 3983 1058 4055 κατὰ
1071 3984 1171 4068 πρόο-
