2602 4388
51 345 128 414 ituri
144 345 297 413 vitieturz·
330 350 384 411 καὶ
408 346 469 431 γάρ
495 344 532 412 ee*
559 345 745 429 ἀποβάλλον
765 371 794 409 τι
814 345 877 430 ἔχει
897 352 955 413 τοῦ
976 346 1159 432 ἀποβάλλει-

52 463 153 543 ηιὲνοο
180 481 214 521 τι
239 457 305 523 ἔτι·
338 457 544 544 ἀποβεβλήκει
568 457 629 543 γάρ
648 457 700 521 »ἀν
721 454 801 522 αὐτὰ
822 463 875 521 καὶ
896 458 1159 543 reservarentur

54 567 113 633 ἔτι
135 567 184 654 η’ν.
219 589 249 652 p·
272 569 420 639 670b35.

142 685 176 754 A,
191 683 222 750 7.
246 684 462 762 p.10t7e32.
485 686 536 751 35.
560 678 630 758 (Br.
653 686 709 764 99,
732 683 762 750 7.
781 679 845 762 ll.)
882 677 1065 764 Exponitur
1081 689 1159 769 quet

56 788 162 869 inertis
184 796 356 872 usurpetur
376 791 466 853 netie
488 794 546 854 τοῦ
566 793 647 854 εἶναι
669 797 703 854 et
723 798 856 876 praeter
871 790 953 857 alies
968 791 996 854 is
1012 792 1158 880 affertur,

57 901 107 985 qni
129 902 172 963 ert
196 898 442 984 significandam
465 902 637 967 veritatem
661 903 821 986 pertinet,
848 902 902 966 ubi
927 902 1061 968 verbum
1087 927 1159 970 esee

57 1012 282 1094 conjungendo
305 1032 378 1074 cunr
401 1010 548 1091 subjecte
569 1012 758 1097 praedicate
780 1013 925 1079 inservit.
968 1013 1062 1078 ἔτιτὸ
1077 1017 1159 1080 εἶναι

58 1126 199 1206 σημαίνει
220 1121 328 1185 καὶτὸ
351 1118 436 1184 ἔστιν
457 1123 506 1185 ὅτι
528 1121 652 1206 ἀληθές,
674 1120 709 1185 τὰ
733 1120 769 1185 δὲ
789 1123 830 1206 μη
852 1125 933 1187 εἶναι
947 1125 996 1189 ὅτι
1010 1122 1067 1189 οὐκ
1081 1123 1159 1210 ἀλη-

57 1237 113 1308 θὲς
130 1231 214 1295 ἀλλά
227 1230 359 1322 ψεῦδος.
381 1227 496 1313 ὁμοίως
511 1230 562 1294 ἐπὶ
578 1233 785 1316 καταφάσεως
800 1238 853 1296 καὶ
869 1232 1070 1319 ἀποφάσεως,
1090 1233 1158 1299 οἷον

57 1344 103 1406 ὅτι
117 1341 186 1406 ἔστι
197 1343 361 1425 Σωκράτης
376 1342 529 1421 μουσικός,
543 1343 594 1407 ὅτι
610 1339 729 1426 ἀληθὲς
744 1349 845 1417 τοῦτο,
856 1344 877 1428 ἢ
887 1345 936 1409 ὅτι
952 1342 1015 1407 ε”στι
1028 1347 1159 1431 Σωκρά-

56 1477 106 1536 της
117 1451 157 1517 οὐ
168 1452 285 1526 λευκός,
297 1452 345 1514 ὅτι
357 1448 480 1534 ἀληθές·
493 1451 528 1515 τὸ
541 1453 561 1516 δ
567 1466 575 1490 ’
586 1452 643 1518 οὐκ
656 1451 769 1539 ἔστινῆ
782 1453 946 1539 διάμετρος
957 1453 1158 1541 ἀσύμμετρος,

55 1561 103 1628 ὅτι
124 1561 258 1653 ψεῦδος.
300 1559 447 1624 Prirnuur
468 1559 583 1644 ὁμοίως
609 1563 661 1627 ἐπὶ
681 1564 743 1628 κτλ.
766 1586 829 1627 nen
852 1585 949 1648 posse
972 1586 993 1627 e
1015 1566 1159 1650 superio·

54 1673 144 1738 ribus
166 1671 319 1754 graviore
341 1671 600 1755 interpunetiene
622 1673 786 1757 distingui,
810 1676 867 1739 sed
890 1673 922 1738 in
945 1695 1042 1737 unam
1059 1696 1157 1740 enun-

55 1783 231 1848 eietieneur
252 1781 335 1845 haee
358 1804 431 1846 esse
454 1783 691 1868 conjungenda,
714 1784 766 1850 vel
782 1785 857 1851 inde
873 1783 1079 1849 menifestum
1095 1792 1157 1870 est,

54 1897 140 1982 quod
152 1892 242 1957 nulia
257 1893 387 1956 enrnine
400 1891 575 1976 particule,
591 1893 747 1969 veturius,
763 1898 804 1960 ad
820 1893 935 1980 ὁμοίως
949 1900 1083 1978 adjecta
1096 1902 1156 1962 est.

53 2007 103 2072 Ae
127 2004 310 2069 sententiae
333 2024 437 2068 nexus
459 2003 560 2068 multo
583 2005 712 2069 exsistit
733 2006 858 2091 aptior,
881 2005 908 2069 si
930 2028 1059 2092 eernrna
1081 2014 1158 2074 ante

53 2114 171 2200 ὁμοίως
192 2116 347 2200 posueris.
393 2114 466 2180 Hee
488 2115 573 2200 enirn
602 2117 678 2181 dieit:
700 2116 912 2182 Aristotelesz
945 2117 1010 2182 ἔστι
1035 2119 1158 2202 signifi·

53 2233 110 2292 cat
131 2225 253 2311 aliquid
276 2248 350 2290 esse
371 2249 503 2310 verunt,
525 2225 583 2290 οὐκ
604 2225 668 2290 ε”στι
689 2227 809 2312 aliquid
832 2250 905 2292 esse
927 2229 1064 2312 teisuur,
1088 2230 1157 2295 sive

54 2338 290 2422 praedicatum,
312 2339 395 2422 qued
419 2339 460 2401 ed
477 2337 656 2417 subjeetum
672 2337 825 2423 refertur,
847 2337 1076 2403 affirmativum
1093 2347 1156 2425 est,

54 2448 124 2514 sire
147 2448 346 2531 negativum.
390 2447 469 2512 Jern
497 2447 663 2534 utriusque
688 2456 721 2512 et
743 2447 934 2515 affirmativi
956 2457 989 2514 et
1010 2452 1157 2534 negativi

55 2559 234 2644 praedicati
250 2558 437 2642 exemplum
453 2559 560 2641 affert,
582 2559 629 2622 ita
643 2560 771 2644 quidem
788 2567 825 2623 ut
839 2560 872 2622 iu
888 2568 1024 2644 utroque
1039 2562 1157 2645 copula

54 2671 120 2736 ἔστι
134 2671 308 2734 veritatem
325 2667 496 2754 significet,
511 2668 576 2732 ἔστι
590 2673 626 2732 Σ.
640 2673 842 2752 μουσικός,
864 2671 928 2734 ἔστι
942 2677 978 2737 Σ.
1001 2670 1047 2738 ori
1068 2673 1157 2737 ise-

53 2783 130 2857 κός.
179 2778 264 2846 Vere
286 2802 355 2844 rem
379 2781 521 2865 explieat
544 2779 753 2865 Alexander,
782 2803 876 2868 quern
900 2791 1061 2848 commate
1083 2792 1155 2848 ten-

54 2899 124 2956 tum
148 2890 334 2956 distinxisse
357 2899 433 2956 ante
457 2889 572 2976 ὁμοίως
594 2898 741 2978 apertum
761 2900 832 2969 ‚este
865 2893 919 2969 ἔτι,
941 2899 1024 2980 φησί,
1048 2899 1157 2980 σημαί-

54 3025 101 3067 νει
123 3002 160 3067 τὸ
182 3001 247 3066 ἔστι
268 3008 321 3065 καὶ
342 3003 377 3067 τὸ
399 3005 553 3067 εἶναικαὶ
574 3003 609 3066 τὸ
633 3006 672 3068 ὃν
693 3004 728 3068 τὸ
751 3003 876 3089 ἀληθές,
898 3003 933 3069 τὸ
956 3005 992 3068 δὲ
1012 3005 1053 3089 μη
1075 3006 1157 3067 εἶναι

53 3112 169 3178 καὶ-τὸ
194 3113 237 3198 μη
264 3114 303 3178 ὂν
329 3112 465 3202 ψεῦδος·
509 3088 545 3174 τὸ
571 3117 630 3194 μὲν
656 3113 716 3198 γάρ
744 3114 862 3198 ἀληθὲς
888 3116 970 3178 εἶναι
990 3137 1024 3176 τε
1044 3119 1096 3178 καὶ
1117 3114 1157 3180 ὅν

53 3245 176 3310 φαμεν,
204 3224 240 3289 τὸ
262 3224 299 3288 δὲ
319 3221 442 3318 ψεῦδος
462 3219 504 3306 μη
529 3221 611 3284 εἶναί
637 3245 670 3285 τε
696 3227 749 3286 καὶ
773 3222 816 3309 μη
843 3223 893 3299 ὄν,
920 3220 1036 3308 ὁμοίως
1061 3225 1097 3290 ἔν
1123 3250 1157 3291 τε

52 3335 231 3420 καταφάσει
250 3340 303 3398 καὶ
324 3332 501 3418 ἀποφάσει,
523 3334 680 3396 τουτέστιν
701 3331 760 3397 ἐάν
780 3354 813 3396 τε
833 3339 1053 3418 καταφατικῶς
1072 3335 1157 3411 τινὸς

51 3449 250 3537 κατηγορηθῇ
271 3445 314 3508 ἀν
334 3467 368 3508 τε
389 3440 594 3528 ἀποφατικῶς
613 3441 677 3508 κτλ.
699 3463 731 3526 p.
752 3448 958 3531 701a52—
991 3443 1156 3509 Proximis

52 3555 164 3621 verbis
190 3552 390 3618 Aristoteles
417 3552 604 3637 exemplum
631 3554 744 3637 affert,
776 3574 838 3639 que
867 3552 1064 3638 illustretur,
1097 3576 1157 3640 per

52 3665 244 3750 negativam
271 3663 421 3750 eepulem
449 3663 506 3729 οὐκ
532 3663 597 3729 ἔστι
630 3662 805 3750 significari
838 3663 962 3750 aliquid
990 3670 1155 3750 tamquam

52 3776 189 3860 fulsum,
212 3777 248 3842 τὸ
271 3777 305 3840 δ’
327 3771 384 3839 orte
404 3772 526 3860 ἐστινὴ
550 3775 714 3861 διάμετρος
735 3774 937 3860 ἀσύμμετρος,
959 3776 1009 3840 ὅτι
1022 3774 1156 3866 ψεῦδος.

52 3886 102 3952 At
129 3894 166 3951 ut
193 3894 281 3952 reete
308 3907 345 3950 se
373 3885 495 3950 hebeat
523 3884 583 3950 hee
609 3885 795 3974 exemplum
827 3906 892 3967 nen
924 3885 1156 3950 universnm

53 3999 315 4064 enuneiatienern
337 3995 456 4064 falsam
480 4016 553 4062 esse
575 4001 714 4083 eportet,
737 4018 820 4083 quue
835 3978 963 4083 quidem
987 4000 1038 4060 est
1059 3994 1156 4078 hujus
