2602 4388
1 224 3 230 ·
109 205 154 272 58

59 461 61 465 ι
112 369 338 437 exsistentium
372 391 497 455 genera
529 376 726 438 statuantur.
780 371 920 438 (tannem
955 371 1038 437 hanc
1064 371 1214 456 ‹lisputa-

112 483 232 548 tionem
256 483 373 560 deindo
398 483 449 547 his
474 485 583 550 vorbis
610 483 834 568 complectitur
860 489 909 560 M,
929 493 960 554 2
983 505 1016 568 p.
1040 484 1227 559 107tib32,

110 593 184 677 (Br.
198 602 274 678 261,
289 598 335 674 ὅ.)
368 600 530 679 συμβαίνει
544 595 654 681 στερεοὶ
673 601 732 680 μὲν
751 595 982 679 μοναχὰπαρὰ
1004 594 1044 658 τοὶ
1064 595 1215 680 αἰσθητά,

109 705 247 769 ἐπίπεδοι
268 706 305 770 δὲ
326 705 431 799 τριτταὶ
451 705 540 793 παρὰ
559 706 600 769 τοὶ
622 707 766 794 αἰσθητά,
788 708 828 769 τοὶ
848 731 881 772 τε
903 705 991 792 παρὰ
1012 705 1052 773 τοὶ
1074 703 1215 791 αἰσθητὰ

102 820 164 879 καὶ
184 816 224 881 τοὶ
245 815 280 882 ἐν
301 827 367 891 τοῖς
386 820 616 902 μαθηματικοῖς
636 829 768 904 στερεοῖς
787 820 840 882 καὶ
861 816 951 901 παραὶ
970 816 1011 880 τὰ
1026 817 1061 880 ἒν
1080 816 1215 889 τούτοις.

112 925 198 992 'l'ria
220 948 293 993 esse
309 928 543 992 demonstravit
558 926 802 1013 superficierum
819 928 967 994 absolute
984 925 1213 994 exsistentium

109 1058 246 1122 genera,
270 1037 406 1121 primum
430 1059 554 1124 carum,
576 1059 660 1126 quae
682 1046 815 1137 praeter
836 1039 1024 1124 superficies
1039 1035 1214 1104 sensibiles

112 1170 185 1214 esse
207 1155 393 1213 statuantur
414 1172 436 1213 a
451 1155 605 1236 lit-16,
633 1148 772 1217 alterum‘
801 1130 913 1216 earum
942 1172 1027 1236 quae
1054 1148 1159 1213 insint
1179 1145 1213 1211 in

111 1259 192 1343 ipsis
220 1260 332 1325 solidis
359 1262 616 1345 mathematicis,
646 1263 777 1327 tertium
803 1263 939 1348 denique
967 1282 1101 1343 earnm,
1128 1276 1213 1344 qnae

111 1378 244 1456 premor
266 1369 453 1455 superficies
474 1372 507 1436 iu
530 1372 643 1439 solidis
671 1374 910 1438 anathematicis
925 1378 1100 1438 contentas
1117 1369 1212 1434 abso-

110 1480 180 1577 lute
206 1489 370 1566 ponantur
398 1487 588 1554 atti-24.
642 1481 735 1549 Haeo
763 1484 893 1548 diversa
918 1484 985 1548 tria
1010 1502 1139 1568 genera
1165 1480 1213 1544 ita

109 1599 187 1657 sunt
208 1592 438 1679 significanda,
467 1601 503 1659 ut
530 1593 661 1678 singula
686 1617 760 1660 oum
789 1595 927 1659 articulo
955 1593 1213 1679 pronunciantur

109 1706 153 1794 cti¹
172 1728 207 1771 τε
226 1704 315 1790 παρὰ
335 1705 376 1769 τοὶ
398 1705 535 1792 αἰσθητοὶ
554 1711 607 1771 καὶ
626 1706 667 1772 τοὶ
688 1706 723 1772 ἓν
743 1718 809 1783 τοῖς
829 1711 1057 1791 μαθηματικοῖς
1077 1713 1213 1788 οτερεοῒς

58 1831 62 1840 “
110 1815 401 1899 narransque}
422 1815 608 1894 ἐντούτοις.
645 1817 768 1882 Ultimo
788 1817 858 1882 loco
874 1815 1029 1881 articulus
1050 1836 1113 1902 por
1134 1833 1212 1878 enu-

110 1928 184 1991 tiom
207 1925 362 1990 incuriam
386 1925 418 1990 in
441 1927 591 1992 omnibus
613 1927 705 1993 libris
727 1928 955 2014 manuscriptis
976 1925 1141 2015 excidisse
1161 1923 1211 1989 ri-

40 2043 43 2057 *
110 2039 224 2121 detur,
251 2058 312 2122 per
328 2058 424 2123 qnam
448 2035 547 2104 etiam
572 2039 676 2104 medio
697 2039 769 2106 loeo
796 2041 837 2105 τὰ
862 2040 897 2103 ἓν
921 2051 985 2116 τοῖς
1005 2043 1085 2122 pao.
1110 2056 1155 2106 στ.
1177 2034 1211 2101 in

109 2146 234 2213 duobus
260 2150 353 2215 cotld.
387 2149 475 2213 TAb
501 2149 639 2214 omissus
666 2158 727 2221 est.
776 2150 985 2235 Alexander,
1012 2149 1065 2235 qui
1094 2148 1129 2212 in
1155 2169 1212 2211 ex·

108 2258 260 2346 plicando
282 2257 434 2325 hocloco
457 2263 498 2326 ml
520 2261 593 2348 ipsa
614 2260 804 2328 Aristotelis
826 2263 925 2328 verba
946 2261 1095 2347 proxime
1118 2279 1213 2323 acco-

111 2370 176 2455 ott,
211 2368 383 2434 articulum
417 2392 511 2457 quem
540 2373 734 2459 requirimus
760 2394 823 2437 non
850 2373 961 2437 omisit
992 2374 1032 2437 τά
1059 2394 1095 2435 τε
1121 2367 1213 2456 παρὰ

108 2481 151 2547 τὰ
171 2479 288 2568 φυσικοὶ
310 2481 445 2546 ἐπίπεδα
465 2487 518 2547 καὶ
544 2483 585 2549 τοὶ
611 2485 647 2550 ἐν
672 2495 737 2561 τοῖς
762 2489 990 2571 μαθηματικοῖς
1017 2484 1140 2566 σώμασι
1158 2484 1213 2545 mi

108 2594 158 2659 acl
183 2591 273 2679 παρὰ
305 2593 346 2658 τοὶ
379 2592 414 2659 ἐν
445 2605 511 2672 τοῖς
541 2599 770 2681 μαθηματικοῖς
801 2598 823 2660 ὁὶ
849 2600 925 2659 καθ’
957 2593 1040 2660 αὐτοὶ
1065 2591 1212 2677 ὑπάρχει.

110 2726 143 2790 p.
171 2709 330 2778 814a30.
379 2705 526 2771 Eundem
555 2706 726 2772 articulum
753 2705 929 2770 Bessarion
959 2706 1027 2769 sive
1054 2704 1087 2767 in
1116 2710 1212 2767 textu

109 2817 300 2887 Aristotelis
328 2815 470 2901 invenit,
499 2816 569 2881 sive
591 2818 633 2882 de
653 2818 842 2897 conjectura
862 2816 991 2896 adjecit.
1017 2853 1061 2867 -
1089 2813 1213 2879 Paucis

109 2932 219 3000 verbis
236 2938 313 2996 ante
330 2928 415 3013 quoti
433 2926 585 2991 scribitur
601 2931 653 2990 soci
669 2931 788 2992 τούτων
804 2927 838 2990 ἕν
850 2938 919 3002 ταῖς
933 2929 1098 3011 προτέραις
1108 2950 1211 3012 γραμ-

108 3055 183 3130 purg
194 3041 300 3130 ἑτέρας
315 3040 468 3127 προτέρας
484 3039 612 3121 στιγμάς
628 3038 689 3123 (Μ,
699 3046 731 3110 2
747 3061 778 3124 p.
792 3038 958 3110 lutabat.
978 3036 1035 3101 Br.
1046 3041 1126 3120 260,
1142 3035 1211 3120 30.)

109 3160 146 3218 ut
168 3151 384 3238 grorrrmatiea
406 3148 642 3213 enunciationis
666 3148 881 3216 conformatio
903 3155 992 3213 recto
1014 3167 1051 3211 so
1074 3146 1212 3231 habeut,

108 3284 169 3351 pro
196 3268 316 3328 τούτων
342 3268 399 3325 aut
425 3260 629 3326 scribentium
652 3267 702 3325 cst
728 3263 874 3326 τούτων
901 3263 975 3322 τοῖν
1001 3263 1058 3320 aut
1085 3256 1214 3343 simpli·

109 3375 191 3439 citor
217 3378 299 3438 τῶν.
347 3371 431 3434 Nam
458 3371 518 3437 hoc
540 3371 616 3436 dicit
638 3368 856 3453 Aristotcles,
884 3367 923 3431 iis
952 3366 1097 3454 punctis,
1126 3388 1213 3453 qnae

110 3484 248 3548 insunt
279 3482 312 3547 in
347 3480 441 3544 lineis
474 3481 653 3567 prioribus,
689 3480 799 3566 priora
831 3481 1005 3544 statuenda
1037 3499 1113 3545 esse
1145 3477 1214 3543 alia

109 3600 242 3680 puncta,
263 3614 346 3679 quac
369 3612 438 3677 por
466 3612 507 3656 se
530 3591 702 3657 exsistant.

195 3702 261 3767 Sed
290 3702 371 3768 satis
394 3703 463 3782 jam
493 3703 533 3765 oc
562 3700 699 3766 articulo
727 3722 900 3786 perperam
929 3699 982 3765 vel
1011 3698 1134 3764 omisso
1155 3699 1211 3769 rol

109 3814 255 3896 adject03
278 3821 407 3876 restant
428 3811 527 3896 enim,
550 3833 613 3899 quo
628 3813 669 3876 tte
689 3832 810 3896 genero
826 3833 920 3896 quum
937 3811 1080 3877 maxime
1100 3811 1212 3898 ‹lispu-

110 3932 182 3989 tare
204 3924 402 4011 propositum
425 3930 509 4007 erat,
531 3922 588 3987 alii
610 3931 783 4008 praetcrea
803 3920 879 4006 loci,
900 3921 953 4008 qui
969 3930 1097 3989 inritata
1112 3927 1211 3987 modo

107 4030 229 4100 lineola
253 4032 345 4120 apice
358 4038 478 4121 puncto
494 4034 535 4100 oti
551 4033 724 4119 genuinam
739 4033 877 4098 formam
891 4032 1066 4101 utuntur
1079 4033 1211 4102 restitui
