2618 4388
1112 216 1156 286 d?

53 383 214 469 βαδιεῖται
239 385 283 471 τῷ
304 379 510 465 Παρμενίδου
536 379 618 469 λόγῳ
643 377 701 456 „ori
727 378 788 462 reip
813 382 931 465 μήποτε
956 385 1049 448 τοῦτο
1078 383 1156 476 dape

54 498 135 561 εἶναι
157 494 200 580 μὴ
223 491 351 567 iorum,
374 490 447 555 ἀλλ’
469 490 625 576 ἀνάγκην
645 491 674 576 ¹)
701 492 783 555 εἶναι
803 489 839 553 τὰ
860 488 902 575 pr)
922 492 964 557 ὃν
984 492 1085 572 δεῖξαι
1106 496 1156 561 ὅτι

54 604 146 673 ἔστιν
169 604 253 671 οὕτω
272 602 335 687 γὰρ
354 602 388 667 ἐκ
408 608 467 668 τοῦ
479 603 573 679 ὄντος
585 607 637 667 aul
652 601 753 667 ἄλλον
765 599 850 675 τινὸς
864 598 906 664 τοὶ
925 599 1006 666 ὄντα
1018 605 1156 681 ἔσεσθαι,

55 715 211 787 uiuum
238 714 348 779 ἐστιν.
391 713 465 779 Non
486 713 548 781 hoe
569 713 648 779 dieii
672 716 708 778 si
730 712 861 779 multae
887 724 988 776 eunt
1012 737 1071 779 ree
1096 718 1165 781 sed·

55 830 87 893 κ’
105 826 268 912 probare
292 826 415 891 uolunt
439 847 511 891 eme
536 826 680 909 multer,
707 844 809 888 menn
835 844 872 886 ee
899 823 978 888 eine
1007 823 1161 893 Ve’ellueie

53 938 166 1029 geben
186 938 278 1002 soll.
319 935 435 1023 ltaque
457 937 662 1004 seribendum
676 934 814 1020 ridetur,
829 933 924 1000 siouti
938 936 1107 1021 superiore
1122 936 1163 1001 in-

56 1048 136 1133 luso,
161 1051 192 1114 εἰ
210 1047 314 1117 mitet
335 1046 452 1114 ἔσται.

141 1710 211 1779 niu
232 1710 398 1777 haesimus
418 1710 451 1777 iu
477 1711 576 1779 rebus
600 1711 838 1799 minutissimis,
859 1735 955 1801 quum
972 1710 1099 1798 exiguis
1120 1710 1158 1776 li·

57 1824 165 1891 naulis
178 1825 276 1889 mode
291 1822 494 1909 adjiciendis,
516 1826 613 1891 modo
629 1825 887 1911 exstinguendis,
907 1826 1003 1895 modo
1024 1822 1157 1895 fleeten-

57 1938 108 2003 dis
129 1938 176 2003 ad
197 1934 371 2021 genuinam
395 1935 587 2021 seripturam
609 1934 743 2020 propius
763 1939 920 2003 aeoedere
941 1936 1157 2001 studeremus.

56 2046 269 2119 Videbantur
295 2047 380 2112 enim
409 2046 440 2111 in
470 2047 531 2113 liae
551 2045 719 2115 literarum
743 2048 903 2114 medicina
924 2046 1069 2133 eorporis
1091 2068 1158 2112 mu·

57 2159 119 2229 diei
150 2158 318 2242 imitandi,
344 2157 398 2245 qui
425 2157 594 2223 lenissima
618 2180 765 2245 quaeque
785 2160 931 2226 remedia
956 2157 1157 2245 praeferunt,

58 2274 162 2339 donee
187 2270 350 2339 renitente
376 2269 413 2335 vi.
435 2269 539 2336 morbi
563 2269 718 2353 graviore
738 2271 858 2337 afferre
885 2269 1013 2355 eorpori
1038 2290 1158 2353 eogen-

56 2392 110 2449 tnr
130 2381 187 2451 rel
208 2381 346 2468 denique
367 2379 604 2447 immedienbile
625 2379 742 2446 vulnus
763 2402 842 2446 ense
861 2380 1073 2447 reoidendum·
1092 2387 1158 2444 sta·

58 2500 163 2563 tunnt.
201 2492 270 2559 Nec
291 2491 422 2557 dubium
444 2491 521 2577 quin
542 2491 711 2579 permultis
733 2491 812 2558 loeis
834 2498 869 2557 et
889 2491 1107 2578 metaphysiei*
1124 2497 1159 2556 et:

57 2604 175 2693 reliqui
196 2602 385 2671 Aristotelis
407 2603 479 2668 libri
501 2602 671 2669 lenissime
692 2603 869 2668 mutatione
890 2609 986 2690 atque
1002 2624 1053 2688 eu,
1075 2622 1159 2689 qnae

58 2719 86 2783 si
123 2722 221 2785 eante
257 2723 290 2781 et
326 2721 497 2800 perspecte
533 2712 742 2800 adhibeatur,
781 2713 884 2780 libero
920 2736 1022 2802 prope
1058 2715 1160 2781 edito-

57 2850 132 2894 rum
160 2826 295 2893 arbitrio
321 2825 535 2910 permittitur,
569 2828 612 2893 ad
637 2826 808 2913 pristinam
836 2847 991 2914 suamque
1018 2825 1160 2892 sormam

58 2938 191 3007 restitui
216 2937 359 3024 possint,
389 2939 560 3001 dummodo
585 2936 724 3003 lectores
752 2935 943 3002 Aristotelia
970 2958 1034 3001 non
1063 2936 1096 2999 in
1120 2955 1160 2998 eo

58 3048 280 3139 aequiesoaut,
304 3056 338 3112 ut
353 3046 492 3134 aliquem
508 3068 639 3113 sonuum
663 3071 681 3113 e
703 3049 811 3115 verbis
825 3047 1008 3133 philosophi
1031 3052 1160 3132 eruant,

59 3165 120 3231 aad
142 3169 180 3229 et
197 3161 356 3248 quomodo
379 3179 418 3222 ea
434 3140 597 3223 sententia
611 3180 654 3222 ex
668 3159 747 3243 ipsis
761 3158 872 3224 verbis
886 3156 1045 3223 efficiatur
1059 3180 1159 3244 quoe·

58 3280 156 3359 rant,
185 3280 220 3339 et
247 3272 280 3335 in
309 3292 437 3335 summa
463 3268 621 3335 scribendi
650 3268 784 3334 lieentia
809 3268 897 3335 oerni
919 3276 1030 3334 tumen
1051 3270 1160 3356 legem

59 3388 224 3471 quandam
248 3388 282 3447 et
303 3403 448 3447 normam
472 3402 662 3466 persuasum
685 3379 838 3447 habeant.
881 3379 1084 3468 Quamquam
1100 3401 1161 3446 neo

61 3501 179 3566 dosunt
201 3495 276 3580 leui,
297 3493 331 3558 in
353 3493 466 3579 quibus
482 3495 690 3578 desperemus
703 3490 758 3558 vel
771 3514 883 3559 verum
898 3491 1033 3577 reperiri
1050 3511 1159 3576 possm

60 3646 261 3659 ι-.-.-----·-·’--ο

130 3738 159 3801 1}
187 3731 327 3790 Beklerus
349 3731 538 3788 nominativum
561 3732 663 3806 ἀνάγκη
681 3731 768 3799 dedit3
789 3729 976 3797 accusativum,
994 3748 1071 3804 quem
1092 3746 1161 3784 unus

60 3822 142 3879 habet
159 3821 218 3875 eod.
236 3819 286 3884 Εὖ,
306 3818 437 3873 enunciati
456 3817 628 3881 conformatio
640 3817 758 3888 requirit.
786 3815 906 3871 Pendent
922 3818 991 3872 enim
1003 3817 1067 3871 haee
1078 3815 1164 3871 rerba

61 3908 93 3962 ab
111 3909 192 3970 ἔδοξε,
210 3906 277 3976 quod
295 3903 441 3957 luculenter
459 3912 597 3971 apparete
615 3903 742 3974 proximis
765 3898 829 3954 nitu
849 3900 903 3977 γὰρ
921 3906 1031 3956 ἔσεσθαι.
1059 3927 1093 3940 ·-
1122 3900 1161 3953 At

61 3994 184 4064 ἀνάγκην
203 3991 271 4046 εἶναι
292 3988 324 4042 ol.
341 3994 377 4050 N,
394 3990 419 4042 3.
435 4003 461 4057 p.
480 3984 598 4040 loteba
631 3988 729 4040 οἴονται
744 3986 810 4041 εἶναι
826 3986 945 4057 ἀνάγκην
964 3983 1162 4039 remitendum

62 4079 161 4148 prim.

924 4154 966 4226 b!
