2602 4388
156 150 201 221 74

157 318 336 404 perierem,
364 319 515 403 aspecie
536 322 577 384 ad
601 339 724 404 genus,
752 342 773 383 a
795 319 952 403 singulari
976 319 1037 386 hae
1065 328 1099 387 et
1124 321 1264 390 definita

156 438 268 495 statua
296 429 337 494 ad
366 436 507 495 statuam
537 431 713 495 universali
742 431 874 496 notione
903 432 1096 517 atqueinde
1119 436 1162 498 ad
1184 434 1263 499 ima-

156 541 276 622 ginem.
321 539 410 625 Apte
432 562 500 605 rem
525 540 678 624 explicuit
693 540 791 606 Alex.
814 543 872 607 ὅδε
895 542 956 625 (sic
971 543 1177 609 scribendum
1202 568 1262 632 pru

156 648 176 717 ὅ
198 649 247 735 δὲ)
270 648 404 737 ἀνδριὰς
424 653 662 736 προσεχέστερον
681 652 825 716 αἰτιατὸν
846 657 916 717 τοῦ
940 651 1070 728 ἁπλῶς
1091 658 1155 717 καὶ
1177 678 1262 719 κοι-

156 765 207 829 νοῒ
213 785 229 836 ς
251 759 455 845 ἀνδριάντος,
480 765 532 825 καὶ
553 760 651 825 πάλιν
672 759 806 846 ἀνδριὰς
827 763 954 839 εἰκόνος,
976 768 1027 826 καὶ
1048 763 1108 846 γὰρ
1128 761 1149 850 ἦ
1171 766 1262 831 εἰκών

155 875 213 936 τοῦ
235 869 423 954 ἀνδριάντος
443 872 631 956 κοινότερον.
666 893 698 955 [ν.
723 871 870 942 691927.
893 872 973 944 bas.
1000 874 1041 938 cf.
1068 872 1150 938 Met.
1170 880 1259 950 a&

155 992 187 1066 n.
212 982 379 1053 lucanae.
412 1018 455 1029 -
488 966 568 1048 utet.
591 1003 622 1065 ο.
648 987 816 1054 rumare.
847 981 918 1067 (nr.
940 990 996 1066 οο,
1029 983 1088 1067 ιι.)
1133 982 1191 1049 aa
1217 984 1259 1061 ος

39 1152 41 1157 .
155 1090 375 1176 ἐνεργοῦνταῆ
388 1091 470 1154 κατὰ
484 1090 630 1175 δύναμιν.
669 1091 748 1157 coil.
764 1091 833 1158 Ab:
850 1096 959 1158 πάντα
973 1095 1009 1159 δὲ
1024 1092 1075 1171 οἷς.
1093 1131 1137 1144 -
1158 1095 1257 1176 Phys.

155 1224 186 1287 p.
212 1201 360 1272 195blss.
383 1204 510 1266 πάντα
525 1186 575 1266 ¹di
596 1204 617 1288 ἤ
638 1203 824 1288 ἐνεργοῦντα
844 1205 864 1289 ἢ
884 1204 966 1268 κατὰ
989 1205 1136 1288 δύναμιν.
1173 1205 1257 1278 Quu-

154 1312 244 1377 niam
266 1311 439 1377 discrimen
462 1314 629 1396 potentiae
657 1319 691 1376 et
717 1319 811 1377 actus
839 1335 903 1377 non
927 1315 974 1379 ita
996 1317 1123 1380 accedit
1146 1319 1188 1381 ad
1210 1338 1257 1381 re·

154 1421 260 1507 liques
286 1444 423 1488 caussae
450 1423 678 1507 diversitates,
712 1430 748 1487 nt
781 1423 822 1486 iis
853 1425 1075 1490 coordinatum
1105 1426 1169 1511 sit,
1201 1430 1256 1493 sed

153 1554 269 1599 omnes
289 1532 516 1618 euruplectitm·
537 1540 572 1598 et
593 1535 635 1598 ad
658 1555 771 1598 omncs
793 1534 955 1619 pertinet,
983 1537 1076 1602 unice
1104 1545 1187 1623 apta
1208 1544 1256 1603 est

153 1644 252 1710 lectio
274 1647 384 1710 πάντα
406 1644 452 1721 δὲ,
474 1650 509 1710 et
531 1666 550 1710 e
568 1644 714 1729 physicis
728 1645 870 1731 probata
893 1646 1125 1732 etJAlexandri
1148 1656 1256 1714 aucte·

153 1757 252 1823 ritate
274 1756 465 1822 eonfirmata
487 1778 519 1840 p.
542 1763 690 1827 deeset.
797 1815 799 1819 .

239 1865 407 1949 Elegimus
440 1887 483 1930 ex
514 1865 666 1932 universa
699 1867 879 1954 scripturae
915 1867 1077 1934 varietate
1109 1871 1253 1954 potiores

153 1984 280 2042 tantum
303 1976 404 2060 lucos,
426 1976 457 2040 in
480 1978 595 2063 quibus
617 1977 671 2042 vel
694 2000 734 2043 ex
756 1979 990 2044 sententiarum
1006 1979 1136 2044 ratione
1151 1989 1187 2046 et
1207 2005 1255 2047 se·

152 2086 220 2172 rie,
242 2088 295 2153 vel
318 2109 359 2151 ex
382 2094 528 2153 ueterum
557 2089 770 2173 interpretum
797 2091 1039 2155 commentariis
1063 2099 1156 2157 certe
1175 2093 1255 2174 ¹dijm

153 2199 256 2266 die'ari
278 2200 399 2284 possit,
426 2205 500 2262 utra
523 2197 618 2263 lectio
641 2200 749 2264 verior
771 2200 828 2283 sit3
855 2200 980 2287 reliqua
1005 2223 1088 2286 qnae
1111 2202 1160 2268 ita
1182 2209 1255 2271 sunt

23 2368 29 2382 r
152 2297 356 2397 comparata,
390 2319 427 2376 nt
450 2311 534 2375 haud
558 2310 656 2376 facile
678 2312 834 2393 dijudices
855 2320 960 2376 utrum
984 2312 1192 2411 plrysicernrn
1214 2334 1255 2379 an

152 2422 446 2507 metaphysiccrum
468 2421 640 2486 lectionem
664 2423 846 2506 praeferas,
868 2444 910 2485 an
934 2425 1099 2508 utriusque
1121 2423 1255 2489 diversi·

151 2539 254 2598 tatem
277 2521 470 2597 servandam
492 2550 641 2617 censeas,
662 2533 813 2596 nolumus
835 2533 963 2597 uberius
978 2534 1142 2620 persequi.
1180 2535 1255 2602 Ete-

151 2644 218 2708 nim
242 2646 281 2707 de
304 2643 355 2706 lris
376 2642 473 2707 rebus
496 2642 681 2729 levioribus,
703 2666 787 2730 quae
809 2647 849 2709 ad
866 2644 1110 2728 perpetiendum
1127 2654 1253 2713 textum

151 2752 342 2817 Aristotelis
365 2754 545 2837 pertinent,
568 2760 635 2817 tum
659 2757 788 2819 demum
811 2754 864 2819 via
886 2776 925 2820 ac
946 2755 1073 2819 ratione
1096 2757 1253 2843 disputari

151 2864 290 2950 poterit,
312 2884 407 2947 quum
431 2864 546 2927 editori
568 2863 774 2948 Aristotelis,
799 2865 849 2929 cui
871 2865 1019 2950 plurimis
1040 2867 1176 2932 auxiliis
1197 2870 1256 2935 eri·

150 2976 225 3040 ticia
248 2976 293 3039 uti
315 2973 470 3058 contigit,
491 2995 656 3059 exponere
679 2974 855 3059 placuerit,
881 2995 964 3061 qnae
987 2979 1029 3040 rit
1051 2976 1254 3062 singulorum

151 3084 306 3153 librorum
331 3107 426 3151 mser.
450 3084 533 3151 fides
556 3093 590 3151 et
607 3086 804 3169 auctoritas,
827 3089 914 3153 unde
935 3091 977 3154 ad
999 3088 1143 3175 aliquam
1166 3099 1255 3158 certe

152 3197 380 3282 perveniamus
401 3204 512 3275 textus
533 3195 734 3262 Aristoteliei
756 3197 934 3263 historiam.

238 3305 362 3371 Eadem
391 3309 538 3393 ratione,
569 3314 606 3372 ut
631 3307 774 3374 leviores
807 3307 987 3391 scripturae
1014 3309 1253 3396 discrepantias

151 3417 415 3489 transmittamus
435 3426 470 3484 et
491 3440 550 3485 eas
572 3419 666 3486 unice
688 3417 928 3501 examinemus,
951 3439 1035 3504 qnae
1057 3423 1101 3486 ad
1123 3430 1254 3488 senten·

151 3528 231 3591 tiam
254 3531 442 3593 mutandam
464 3529 661 3612 pertineant,
684 3529 878 3594 versandum
894 3528 1022 3595 videtur
1037 3530 1071 3594 in
1093 3553 1135 3596 ea
1157 3539 1253 3617 parte

132 3724 135 3730 Ι
152 3638 457 3724 ιοοΐορὴγείοοιοοι,
479 3661 561 3724 quae
577 3641 627 3704 bis
642 3638 780 3705 diversis
803 3638 834 3702 in
857 3639 950 3705 libris
971 3647 1098 3707 tantum
1115 3664 1182 3707 nun
1199 3643 1252 3708 iis·

151 3751 226 3816 dem
258 3748 368 3814 verbis
399 3749 527 3834 legitur.
575 3749 695 3814 Notum
722 3747 809 3815 eninr
836 3772 895 3836 ea,
924 3773 1006 3838 qnae
1031 3752 1137 3836 primu
1166 3753 1252 3819 libro

151 3867 238 3936 Am.
261 3882 292 3946 p
306 3860 425 3931 99992
447 3894 486 3907 -
509 3882 540 3945 p·
553 3859 681 3932 99199.
705 3861 776 3944 (Bc
789 3867 846 3946 28,
865 3869 996 3946 9-39,
1013 3863 1082 3946 29.)
1104 3865 1146 3930 de
1169 3863 1252 3929 ideis

154 3972 309 4039 macnus
329 3968 502 4039 Platonem
530 3975 565 4039 et
585 3968 772 4040 Platonicos
798 3971 1007 4062 philosophus
1031 3975 1252 4062 disputantur,
