<?xml version="1.0" encoding="UTF-8"?>
<!DOCTYPE html PUBLIC "-//W3C//DTD XHTML 1.0 Transitional//EN"
    "http://www.w3.org/TR/xhtml1/DTD/xhtml1-transitional.dtd">
<html xmlns="http://www.w3.org/1999/xhtml" xml:lang="en" lang="en">
 <head>
  <title>
</title>
<meta http-equiv="Content-Type" content="text/html;charset=utf-8" />
  <meta name='ocr-system' content='tesseract 3.04.00' />
  <meta name='ocr-capabilities' content='ocr_page ocr_carea ocr_par ocr_line ocrx_word'/>
</head>
<body>
  <div class='ocr_page' id='page_1' title='image "./observationescr00bonigoog_0070.png"; bbox 0 0 2602 4388; ppageno 0'>
   <div class='ocr_carea' id='block_1_1' title="bbox 76 338 1232 4088">
    <p class='ocr_par' dir='ltr' id='par_1_1' title="bbox 76 338 1232 4088">
     <span class='ocr_line' id='line_1_1' title="bbox 83 338 1173 429; baseline 0.005 -23"><span class='ocrx_word' id='word_1_1' title='bbox 83 348 178 407; x_wconf 87' lang='lat' dir='ltr'><strong>turum</strong></span> <span class='ocrx_word' id='word_1_2' title='bbox 207 339 298 406; x_wconf 80' lang='lat' dir='ltr'><strong>verbi</strong></span> <span class='ocrx_word' id='word_1_3' title='bbox 332 338 527 405; x_wconf 78' lang='lat' dir='ltr'><strong>substantivi</strong></span> <span class='ocrx_word' id='word_1_4' title='bbox 559 341 641 404; x_wconf 77' lang='grc' dir='ltr'><em>εἶναι</em></span> <span class='ocrx_word' id='word_1_5' title='bbox 667 338 846 404; x_wconf 80' lang='lat' dir='ltr'><strong>innumeris</strong></span> <span class='ocrx_word' id='word_1_6' title='bbox 878 363 979 429; x_wconf 89' lang='lat' dir='ltr'><strong>prope</strong></span> <span class='ocrx_word' id='word_1_7' title='bbox 1005 339 1088 409; x_wconf 76' lang='lat' dir='ltr'><strong>loci·</strong></span> <span class='ocrx_word' id='word_1_8' title='bbox 1109 343 1173 413; x_wconf 83' lang='lat' dir='ltr'><strong>huo</strong></span> 
     </span>
     <span class='ocr_line' id='line_1_2' title="bbox 81 447 1172 540; baseline 0.001 -21"><span class='ocrx_word' id='word_1_9' title='bbox 81 453 107 519; x_wconf 76' lang='lat' dir='ltr'><strong>ai</strong></span> <span class='ocrx_word' id='word_1_10' title='bbox 126 459 315 538; x_wconf 87' lang='lat' dir='ltr'><strong>usurpatum</strong></span> <span class='ocrx_word' id='word_1_11' title='bbox 339 450 506 534; x_wconf 80' lang='lat' dir='ltr'>invenias,</span> <span class='ocrx_word' id='word_1_12' title='bbox 528 447 570 517; x_wconf 83' lang='lat' dir='ltr'><strong>cf.</strong></span> <span class='ocrx_word' id='word_1_13' title='bbox 592 458 629 515; x_wconf 92' lang='lat' dir='ltr'><strong>ut</strong></span> <span class='ocrx_word' id='word_1_14' title='bbox 649 450 738 515; x_wconf 90' lang='lat' dir='ltr'><strong>iutra</strong></span> <span class='ocrx_word' id='word_1_15' title='bbox 758 453 895 515; x_wconf 87' lang='lat' dir='ltr'><strong>eandum</strong></span> <span class='ocrx_word' id='word_1_16' title='bbox 918 453 1072 540; x_wconf 77' lang='lat' dir='ltr'><strong>pagiuam</strong></span> <span class='ocrx_word' id='word_1_17' title='bbox 1096 477 1172 522; x_wconf 88' lang='lat' dir='ltr'><strong>oon·</strong></span> 
     </span>
     <span class='ocr_line' id='line_1_3' title="bbox 78 564 1171 653; baseline 0.011 -24"><span class='ocrx_word' id='word_1_18' title='bbox 78 564 224 629; x_wconf 73' lang='lat' dir='ltr'><strong>sistamus</strong></span> <span class='ocrx_word' id='word_1_19' title='bbox 244 570 292 638; x_wconf 87' lang='lat' dir='ltr'><strong>M,</strong></span> <span class='ocrx_word' id='word_1_20' title='bbox 313 566 344 633; x_wconf 75' lang='lat'><strong>7·</strong></span> <span class='ocrx_word' id='word_1_21' title='bbox 367 584 397 646; x_wconf 83' lang='lat' dir='ltr'><strong>p.</strong></span> <span class='ocrx_word' id='word_1_22' title='bbox 424 565 573 647; x_wconf 82' lang='lat' dir='ltr'><strong>1081a8,</strong></span> <span class='ocrx_word' id='word_1_23' title='bbox 595 569 648 646; x_wconf 79' lang='lat'><strong>13,</strong></span> <span class='ocrx_word' id='word_1_24' title='bbox 664 570 719 646; x_wconf 81' lang='lat'><strong>21,</strong></span> <span class='ocrx_word' id='word_1_25' title='bbox 732 569 789 644; x_wconf 69' lang='lat'><strong>26,</strong></span> <span class='ocrx_word' id='word_1_26' title='bbox 804 565 859 646; x_wconf 79' lang='lat'><strong>27,</strong></span> <span class='ocrx_word' id='word_1_27' title='bbox 874 569 926 635; x_wconf 77' lang='grc'><strong>34.</strong></span> <span class='ocrx_word' id='word_1_28' title='bbox 954 565 1034 648; x_wconf 65' lang='lat' dir='ltr'><strong>bad,</strong></span> <span class='ocrx_word' id='word_1_29' title='bbox 1047 573 1102 653; x_wconf 72' lang='grc'><strong>99,</strong></span> <span class='ocrx_word' id='word_1_30' title='bbox 1117 573 1171 641; x_wconf 80' lang='lat'><strong>27·</strong></span> 
     </span>
     <span class='ocr_line' id='line_1_4' title="bbox 76 670 1171 757; baseline 0.004 -16"><span class='ocrx_word' id='word_1_31' title='bbox 76 674 137 741; x_wconf 79' lang='lat' dir='ltr'><strong>Sed</strong></span> <span class='ocrx_word' id='word_1_32' title='bbox 158 670 342 757; x_wconf 60' lang='lat' dir='ltr'><strong>ejus‘verhi</strong></span> <span class='ocrx_word' id='word_1_33' title='bbox 365 673 540 757; x_wconf 80' lang='lat' dir='ltr'><strong>singularis</strong></span> <span class='ocrx_word' id='word_1_34' title='bbox 561 694 717 740; x_wconf 82' lang='lat' dir='ltr'><strong>nuurerus</strong></span> <span class='ocrx_word' id='word_1_35' title='bbox 733 672 821 738; x_wconf 78' lang='lat' dir='ltr'><strong>dossa</strong></span> <span class='ocrx_word' id='word_1_36' title='bbox 834 676 916 741; x_wconf 86' lang='lat' dir='ltr'><strong>uduo</strong></span> <span class='ocrx_word' id='word_1_37' title='bbox 930 674 994 741; x_wconf 88' lang='lat' dir='ltr'><strong>levi</strong></span> <span class='ocrx_word' id='word_1_38' title='bbox 1011 678 1171 745; x_wconf 68' lang='lat' dir='ltr'><strong>assiliendi</strong></span> 
     </span>
     <span class='ocr_line' id='line_1_5' title="bbox 76 783 1172 876; baseline 0.002 -23"><span class='ocrx_word' id='word_1_39' title='bbox 76 785 300 853; x_wconf 76' lang='lat' dir='ltr'><strong>discriminas</strong></span> <span class='ocrx_word' id='word_1_40' title='bbox 320 791 466 870; x_wconf 83' lang='lat' dir='ltr'><strong>tompore</strong></span> <span class='ocrx_word' id='word_1_41' title='bbox 492 785 661 870; x_wconf 81' lang='lat' dir='ltr'><strong>praesenti</strong></span> <span class='ocrx_word' id='word_1_42' title='bbox 688 785 753 849; x_wconf 70' lang='lat' dir='ltr'><strong>scel</strong></span> <span class='ocrx_word' id='word_1_43' title='bbox 778 783 831 850; x_wconf 85' lang='lat' dir='ltr'><strong>vel</strong></span> <span class='ocrx_word' id='word_1_44' title='bbox 859 784 924 851; x_wconf 76' lang='lat' dir='ltr'><strong>dou</strong></span> <span class='ocrx_word' id='word_1_45' title='bbox 951 787 1172 876; x_wconf 78' lang='lat' dir='ltr'><strong>distinguitur,</strong></span> 
     </span>
     <span class='ocr_line' id='line_1_6' title="bbox 76 896 1173 983; baseline 0.004 -21"><span class='ocrx_word' id='word_1_46' title='bbox 76 905 105 963; x_wconf 84' lang='lat' dir='ltr'><strong>ut</strong></span> <span class='ocrx_word' id='word_1_47' title='bbox 130 896 246 961; x_wconf 82' lang='lat' dir='ltr'><strong>mirari</strong></span> <span class='ocrx_word' id='word_1_48' title='bbox 278 918 342 960; x_wconf 92' lang='lat' dir='ltr'><strong>non</strong></span> <span class='ocrx_word' id='word_1_49' title='bbox 375 896 554 982; x_wconf 88' lang='lat' dir='ltr'><strong>possimus,</strong></span> <span class='ocrx_word' id='word_1_50' title='bbox 587 916 688 983; x_wconf 89' lang='lat' dir='ltr'><strong>saepe</strong></span> <span class='ocrx_word' id='word_1_51' title='bbox 719 896 849 962; x_wconf 84' lang='lat' dir='ltr'><strong>variare</strong></span> <span class='ocrx_word' id='word_1_52' title='bbox 881 896 983 962; x_wconf 86' lang='lat' dir='ltr'><strong>libros</strong></span> <span class='ocrx_word' id='word_1_53' title='bbox 1013 921 1108 966; x_wconf 90' lang='lat' dir='ltr'><strong>msor.</strong></span> <span class='ocrx_word' id='word_1_54' title='bbox 1136 908 1173 966; x_wconf 84' lang='lat' dir='ltr'><strong>ut</strong></span> 
     </span>
     <span class='ocr_line' id='line_1_7' title="bbox 76 1005 1173 1096; baseline 0.005 -23"><span class='ocrx_word' id='word_1_55' title='bbox 76 1007 125 1073; x_wconf 85' lang='lat' dir='ltr'><strong>ulii</strong></span> <span class='ocrx_word' id='word_1_56' title='bbox 145 1005 235 1073; x_wconf 77' lang='grc' dir='ltr'><strong><em>ἔσται</em></strong></span> <span class='ocrx_word' id='word_1_57' title='bbox 261 1007 453 1092; x_wconf 81' lang='lat' dir='ltr'><strong>exhibeant,</strong></span> <span class='ocrx_word' id='word_1_58' title='bbox 481 1005 538 1070; x_wconf 86' lang='lat' dir='ltr'><strong>olii</strong></span> <span class='ocrx_word' id='word_1_59' title='bbox 559 1006 639 1082; x_wconf 75' lang='grc' dir='ltr'><strong>ἔστι,</strong></span> <span class='ocrx_word' id='word_1_60' title='bbox 665 1008 860 1093; x_wconf 86' lang='lat' dir='ltr'><strong>praesertim</strong></span> <span class='ocrx_word' id='word_1_61' title='bbox 887 1031 983 1095; x_wconf 91' lang='lat' dir='ltr'><strong>quum</strong></span> <span class='ocrx_word' id='word_1_62' title='bbox 1010 1008 1173 1096; x_wconf 76' lang='lat' dir='ltr'><strong>signitica-</strong></span> 
     </span>
     <span class='ocr_line' id='line_1_8' title="bbox 76 1117 1173 1206; baseline 0.004 -22"><span class='ocrx_word' id='word_1_63' title='bbox 76 1118 169 1184; x_wconf 86' lang='lat' dir='ltr'><strong>liouis</strong></span> <span class='ocrx_word' id='word_1_64' title='bbox 190 1118 374 1203; x_wconf 81' lang='lat' dir='ltr'><strong>discrimen,</strong></span> <span class='ocrx_word' id='word_1_65' title='bbox 397 1118 459 1182; x_wconf 87' lang='lat' dir='ltr'><strong>nisi</strong></span> <span class='ocrx_word' id='word_1_66' title='bbox 481 1119 552 1203; x_wconf 84' lang='lat' dir='ltr'><strong>quis</strong></span> <span class='ocrx_word' id='word_1_67' title='bbox 573 1117 762 1202; x_wconf 77' lang='lat' dir='ltr'><strong>diligentius</strong></span> <span class='ocrx_word' id='word_1_68' title='bbox 784 1122 970 1206; x_wconf 85' lang='lat' dir='ltr'><strong>attenderit,</strong></span> <span class='ocrx_word' id='word_1_69' title='bbox 993 1121 1048 1188; x_wconf 84' lang='lat' dir='ltr'><strong>vix</strong></span> <span class='ocrx_word' id='word_1_70' title='bbox 1070 1121 1173 1188; x_wconf 90' lang='lat' dir='ltr'><strong>ullum</strong></span> 
     </span>
     <span class='ocr_line' id='line_1_9' title="bbox 76 1229 1173 1321; baseline 0.008 -24"><span class='ocrx_word' id='word_1_71' title='bbox 76 1252 142 1297; x_wconf 73' lang='lat' dir='ltr'><strong>usse</strong></span> <span class='ocrx_word' id='word_1_72' title='bbox 167 1229 328 1295; x_wconf 86' lang='lat' dir='ltr'><strong>videatur.</strong></span> <span class='ocrx_word' id='word_1_73' title='bbox 356 1229 408 1295; x_wconf 75' lang='lat' dir='ltr'><strong>Cf.</strong></span> <span class='ocrx_word' id='word_1_74' title='bbox 431 1252 461 1315; x_wconf 89' lang='lat' dir='ltr'><strong>p.</strong></span> <span class='ocrx_word' id='word_1_75' title='bbox 482 1229 633 1314; x_wconf 73' lang='lat' dir='ltr'><strong>aalbll,</strong></span> <span class='ocrx_word' id='word_1_76' title='bbox 654 1235 784 1314; x_wconf 64' lang='grc'><strong>99988,</strong></span> <span class='ocrx_word' id='word_1_77' title='bbox 809 1236 978 1317; x_wconf 70' lang='grc'><strong>1991029,</strong></span> <span class='ocrx_word' id='word_1_78' title='bbox 1003 1241 1173 1321; x_wconf 71' lang='lat' dir='ltr'><strong>ludousa,</strong></span> 
     </span>
     <span class='ocr_line' id='line_1_10' title="bbox 76 1339 1175 1430; baseline 0.006 -26"><span class='ocrx_word' id='word_1_79' title='bbox 76 1339 508 1425; x_wconf 79' lang='grc' dir='ltr'><strong>100οο33,1007ο33.ο1.</strong></span> <span class='ocrx_word' id='word_1_80' title='bbox 558 1339 653 1413; x_wconf 76' lang='lat' dir='ltr'><strong>Quod</strong></span> <span class='ocrx_word' id='word_1_81' title='bbox 681 1349 791 1406; x_wconf 88' lang='lat' dir='ltr'><strong>autem</strong></span> <span class='ocrx_word' id='word_1_82' title='bbox 820 1341 871 1405; x_wconf 89' lang='lat' dir='ltr'><strong>his</strong></span> <span class='ocrx_word' id='word_1_83' title='bbox 899 1341 1037 1430; x_wconf 88' lang='lat' dir='ltr'><strong>aliisque</strong></span> <span class='ocrx_word' id='word_1_84' title='bbox 1064 1346 1175 1410; x_wconf 90' lang='lat' dir='ltr'><strong>multis</strong></span> 
     </span>
     <span class='ocr_line' id='line_1_11' title="bbox 76 1451 1175 1538; baseline 0.004 -20"><span class='ocrx_word' id='word_1_85' title='bbox 76 1453 149 1518; x_wconf 88' lang='lat' dir='ltr'><strong>louis</strong></span> <span class='ocrx_word' id='word_1_86' title='bbox 183 1451 217 1515; x_wconf 93' lang='lat' dir='ltr'><strong>in</strong></span> <span class='ocrx_word' id='word_1_87' title='bbox 251 1452 376 1538; x_wconf 83' lang='lat' dir='ltr'><strong>aliquot</strong></span> <span class='ocrx_word' id='word_1_88' title='bbox 409 1452 572 1529; x_wconf 84' lang='lat' dir='ltr'><strong>codicibus</strong></span> <span class='ocrx_word' id='word_1_89' title='bbox 604 1453 817 1538; x_wconf 79' lang='lat' dir='ltr'><strong>factumest,</strong></span> <span class='ocrx_word' id='word_1_90' title='bbox 849 1461 886 1518; x_wconf 88' lang='lat' dir='ltr'><strong>ut</strong></span> <span class='ocrx_word' id='word_1_91' title='bbox 914 1453 1057 1520; x_wconf 86' lang='lat' dir='ltr'><strong>futurum</strong></span> <span class='ocrx_word' id='word_1_92' title='bbox 1085 1456 1175 1522; x_wconf 72' lang='grc' dir='ltr'><strong><em>ἔσται</em></strong></span> 
     </span>
     <span class='ocr_line' id='line_1_12' title="bbox 76 1561 1174 1650; baseline 0.002 -19"><span class='ocrx_word' id='word_1_93' title='bbox 76 1570 103 1631; x_wconf 82' lang='lat' dir='ltr'><strong>at</strong></span> <span class='ocrx_word' id='word_1_94' title='bbox 123 1584 286 1650; x_wconf 84' lang='lat' dir='ltr'><strong>praesens</strong></span> <span class='ocrx_word' id='word_1_95' title='bbox 308 1568 373 1627; x_wconf 74' lang='grc' dir='ltr'><strong><em>ε”σοι</em></strong></span> <span class='ocrx_word' id='word_1_96' title='bbox 393 1561 680 1648; x_wconf 84' lang='lat' dir='ltr'><strong>confumlorentur,</strong></span> <span class='ocrx_word' id='word_1_97' title='bbox 701 1565 786 1628; x_wconf 90' lang='lat' dir='ltr'><strong>idem</strong></span> <span class='ocrx_word' id='word_1_98' title='bbox 811 1564 970 1630; x_wconf 87' lang='lat' dir='ltr'><strong>interdum</strong></span> <span class='ocrx_word' id='word_1_99' title='bbox 994 1568 1037 1632; x_wconf 89' lang='lat' dir='ltr'><strong>ad</strong></span> <span class='ocrx_word' id='word_1_100' title='bbox 1059 1589 1174 1633; x_wconf 84' lang='lat' dir='ltr'><strong>ornnes</strong></span> 
     </span>
     <span class='ocr_line' id='line_1_13' title="bbox 76 1673 1175 1768; baseline 0 -25"><span class='ocrx_word' id='word_1_101' title='bbox 76 1696 125 1743; x_wconf 79' lang='lat' dir='ltr'><strong>aas</strong></span> <span class='ocrx_word' id='word_1_102' title='bbox 138 1675 241 1768; x_wconf 82' lang='lat' dir='ltr'><strong>libros</strong></span> <span class='ocrx_word' id='word_1_103' title='bbox 260 1695 354 1738; x_wconf 75' lang='lat' dir='ltr'><strong>nisce.</strong></span> <span class='ocrx_word' id='word_1_104' title='bbox 366 1674 532 1760; x_wconf 83' lang='lat' dir='ltr'><strong>pertinere</strong></span> <span class='ocrx_word' id='word_1_105' title='bbox 544 1675 685 1758; x_wconf 86' lang='lat' dir='ltr'><strong>videtur,</strong></span> <span class='ocrx_word' id='word_1_106' title='bbox 703 1676 817 1760; x_wconf 83' lang='lat' dir='ltr'><strong>quibus</strong></span> <span class='ocrx_word' id='word_1_107' title='bbox 829 1673 1004 1741; x_wconf 85' lang='lat' dir='ltr'><strong>Bekkerus</strong></span> <span class='ocrx_word' id='word_1_108' title='bbox 1016 1677 1048 1742; x_wconf 91' lang='lat' dir='ltr'><strong>io</strong></span> <span class='ocrx_word' id='word_1_109' title='bbox 1065 1699 1175 1743; x_wconf 70' lang='lat' dir='ltr'><strong>erinen-</strong></span> 
     </span>
     <span class='ocr_line' id='line_1_14' title="bbox 76 1784 1176 1876; baseline 0.003 -24"><span class='ocrx_word' id='word_1_110' title='bbox 76 1789 179 1852; x_wconf 85' lang='lat' dir='ltr'><strong>laudo</strong></span> <span class='ocrx_word' id='word_1_111' title='bbox 194 1793 287 1851; x_wconf 84' lang='lat' dir='ltr'><strong>textu</strong></span> <span class='ocrx_word' id='word_1_112' title='bbox 304 1809 381 1850; x_wconf 87' lang='lat' dir='ltr'><strong>usus</strong></span> <span class='ocrx_word' id='word_1_113' title='bbox 397 1793 455 1851; x_wconf 86' lang='lat' dir='ltr'><strong>cst.</strong></span> <span class='ocrx_word' id='word_1_114' title='bbox 490 1784 575 1851; x_wconf 84' lang='lat' dir='ltr'><strong>Sunt</strong></span> <span class='ocrx_word' id='word_1_115' title='bbox 588 1793 678 1854; x_wconf 84' lang='lat' dir='ltr'><strong>certe</strong></span> <span class='ocrx_word' id='word_1_116' title='bbox 693 1787 815 1874; x_wconf 84' lang='lat' dir='ltr'><strong>aliquot</strong></span> <span class='ocrx_word' id='word_1_117' title='bbox 829 1787 904 1872; x_wconf 88' lang='lat' dir='ltr'><strong>loci,</strong></span> <span class='ocrx_word' id='word_1_118' title='bbox 924 1789 957 1852; x_wconf 88' lang='lat' dir='ltr'><strong>in</strong></span> <span class='ocrx_word' id='word_1_119' title='bbox 972 1789 1087 1876; x_wconf 88' lang='lat' dir='ltr'><strong>quibus</strong></span> <span class='ocrx_word' id='word_1_120' title='bbox 1101 1811 1176 1856; x_wconf 89' lang='lat' dir='ltr'><strong>seu·</strong></span> 
     </span>
     <span class='ocr_line' id='line_1_15' title="bbox 76 1896 1176 1986; baseline 0.001 -21"><span class='ocrx_word' id='word_1_121' title='bbox 76 1898 198 1965; x_wconf 86' lang='lat' dir='ltr'><strong>tentiae</strong></span> <span class='ocrx_word' id='word_1_122' title='bbox 213 1897 298 1962; x_wconf 89' lang='lat' dir='ltr'><strong>ratio</strong></span> <span class='ocrx_word' id='word_1_123' title='bbox 313 1899 360 1963; x_wconf 89' lang='lat' dir='ltr'><strong>ito</strong></span> <span class='ocrx_word' id='word_1_124' title='bbox 374 1899 562 1965; x_wconf 84' lang='lat' dir='ltr'><strong>necessario</strong></span> <span class='ocrx_word' id='word_1_125' title='bbox 577 1896 719 1964; x_wconf 83' lang='lat' dir='ltr'><strong>futurum</strong></span> <span class='ocrx_word' id='word_1_126' title='bbox 735 1900 823 1965; x_wconf 79' lang='grc' dir='ltr'><strong><em>ἔσται</em></strong></span> <span class='ocrx_word' id='word_1_127' title='bbox 837 1899 993 1986; x_wconf 83' lang='lat' dir='ltr'><strong>requirat,</strong></span> <span class='ocrx_word' id='word_1_128' title='bbox 1018 1922 1176 1986; x_wconf 81' lang='lat' dir='ltr'><strong>praesens</strong></span> 
     </span>
     <span class='ocr_line' id='line_1_16' title="bbox 76 2009 1177 2099; baseline 0.005 -26"><span class='ocrx_word' id='word_1_129' title='bbox 76 2009 136 2081; x_wconf 77' lang='lat' dir='ltr'><strong>ion</strong></span> <span class='ocrx_word' id='word_1_130' title='bbox 159 2009 298 2099; x_wconf 83' lang='lat' dir='ltr'><strong>rejiciat,</strong></span> <span class='ocrx_word' id='word_1_131' title='bbox 321 2017 357 2074; x_wconf 86' lang='lat' dir='ltr'><strong>ut</strong></span> <span class='ocrx_word' id='word_1_132' title='bbox 378 2009 459 2073; x_wconf 90' lang='lat' dir='ltr'><strong>illud</strong></span> <span class='ocrx_word' id='word_1_133' title='bbox 472 2030 631 2095; x_wconf 79' lang='lat' dir='ltr'><strong>reponere</strong></span> <span class='ocrx_word' id='word_1_134' title='bbox 646 2031 709 2075; x_wconf 92' lang='lat' dir='ltr'><strong>uon</strong></span> <span class='ocrx_word' id='word_1_135' title='bbox 727 2011 902 2077; x_wconf 85' lang='lat' dir='ltr'><strong>debeamus</strong></span> <span class='ocrx_word' id='word_1_136' title='bbox 918 2011 1078 2096; x_wconf 75' lang='lat' dir='ltr'><strong>dubitare,</strong></span> <span class='ocrx_word' id='word_1_137' title='bbox 1100 2012 1177 2079; x_wconf 89' lang='lat' dir='ltr'><strong>licet</strong></span> 
     </span>
     <span class='ocr_line' id='line_1_17' title="bbox 76 2106 1177 2211; baseline 0.003 -24"><span class='ocrx_word' id='word_1_138' title='bbox 76 2120 165 2207; x_wconf 85' lang='lat' dir='ltr'><strong>uuila</strong></span> <span class='ocrx_word' id='word_1_139' title='bbox 185 2127 321 2185; x_wconf 83' lang='lat' dir='ltr'><strong>enotata</strong></span> <span class='ocrx_word' id='word_1_140' title='bbox 349 2121 391 2185; x_wconf 89' lang='lat' dir='ltr'><strong>sit</strong></span> <span class='ocrx_word' id='word_1_141' title='bbox 419 2121 567 2187; x_wconf 82' lang='lat' dir='ltr'><strong>lectionis</strong></span> <span class='ocrx_word' id='word_1_142' title='bbox 593 2106 821 2206; x_wconf 80' lang='lat' dir='ltr'><strong>discrepantia.</strong></span> <span class='ocrx_word' id='word_1_143' title='bbox 866 2123 940 2188; x_wconf 87' lang='lat' dir='ltr'><strong>Huc</strong></span> <span class='ocrx_word' id='word_1_144' title='bbox 965 2124 1104 2211; x_wconf 91' lang='lat' dir='ltr'><strong>primum</strong></span> <span class='ocrx_word' id='word_1_145' title='bbox 1126 2147 1177 2192; x_wconf 87' lang='lat' dir='ltr'><strong>re-</strong></span> 
     </span>
     <span class='ocr_line' id='line_1_18' title="bbox 76 2226 1177 2319; baseline 0.005 -22"><span class='ocrx_word' id='word_1_146' title='bbox 76 2231 142 2299; x_wconf 82' lang='lat' dir='ltr'><strong>iuro</strong></span> <span class='ocrx_word' id='word_1_147' title='bbox 166 2226 272 2296; x_wconf 89' lang='lat' dir='ltr'><strong>locum</strong></span> <span class='ocrx_word' id='word_1_148' title='bbox 296 2232 456 2296; x_wconf 76' lang='lat' dir='ltr'><strong>undecimi</strong></span> <span class='ocrx_word' id='word_1_149' title='bbox 479 2232 570 2317; x_wconf 83' lang='lat' dir='ltr'><strong>libri,</strong></span> <span class='ocrx_word' id='word_1_150' title='bbox 597 2234 651 2298; x_wconf 86' lang='lat' dir='ltr'><strong>ubi</strong></span> <span class='ocrx_word' id='word_1_151' title='bbox 680 2235 863 2319; x_wconf 87' lang='lat' dir='ltr'><strong>quaeritur,</strong></span> <span class='ocrx_word' id='word_1_152' title='bbox 890 2243 997 2299; x_wconf 88' lang='lat' dir='ltr'><strong>utrum</strong></span> <span class='ocrx_word' id='word_1_153' title='bbox 1021 2258 1119 2300; x_wconf 87' lang='lat' dir='ltr'><strong>unum</strong></span> <span class='ocrx_word' id='word_1_154' title='bbox 1142 2245 1177 2302; x_wconf 88' lang='lat' dir='ltr'><strong>et</strong></span> 
     </span>
     <span class='ocr_line' id='line_1_19' title="bbox 76 2343 1175 2434; baseline -0.001 -23"><span class='ocrx_word' id='word_1_155' title='bbox 76 2364 131 2411; x_wconf 76' lang='lat' dir='ltr'><strong>aus</strong></span> <span class='ocrx_word' id='word_1_156' title='bbox 159 2344 188 2408; x_wconf 86' lang='lat' dir='ltr'><strong>si</strong></span> <span class='ocrx_word' id='word_1_157' title='bbox 216 2365 343 2407; x_wconf 85' lang='lat' dir='ltr'><strong>summa</strong></span> <span class='ocrx_word' id='word_1_158' title='bbox 370 2343 511 2407; x_wconf 89' lang='lat' dir='ltr'><strong>omnium</strong></span> <span class='ocrx_word' id='word_1_159' title='bbox 540 2365 648 2410; x_wconf 86' lang='lat' dir='ltr'><strong>rerum</strong></span> <span class='ocrx_word' id='word_1_160' title='bbox 676 2344 837 2431; x_wconf 87' lang='lat' dir='ltr'><strong>principia</strong></span> <span class='ocrx_word' id='word_1_161' title='bbox 865 2366 939 2411; x_wconf 85' lang='lat' dir='ltr'><strong>osse</strong></span> <span class='ocrx_word' id='word_1_162' title='bbox 968 2353 1175 2434; x_wconf 80' lang='lat' dir='ltr'><strong>censeantur,</strong></span> 
     </span>
     <span class='ocr_line' id='line_1_20' title="bbox 76 2455 1176 2547; baseline 0.004 -23"><span class='ocrx_word' id='word_1_163' title='bbox 76 2466 241 2541; x_wconf 80' lang='lat' dir='ltr'><strong>tamquam</strong></span> <span class='ocrx_word' id='word_1_164' title='bbox 265 2476 318 2519; x_wconf 85' lang='lat' dir='ltr'><strong>res</strong></span> <span class='ocrx_word' id='word_1_165' title='bbox 341 2455 525 2547; x_wconf 80' lang='lat' dir='ltr'><strong>singulares</strong></span> <span class='ocrx_word' id='word_1_166' title='bbox 540 2462 573 2521; x_wconf 89' lang='lat' dir='ltr'><strong>et</strong></span> <span class='ocrx_word' id='word_1_167' title='bbox 588 2456 790 2520; x_wconf 84' lang='lat' dir='ltr'><strong>substantiae</strong></span> <span class='ocrx_word' id='word_1_168' title='bbox 806 2458 882 2541; x_wconf 90' lang='lat' dir='ltr'><strong>poni</strong></span> <span class='ocrx_word' id='word_1_169' title='bbox 898 2465 1047 2543; x_wconf 81' lang='lat' dir='ltr'><strong>oporteat</strong></span> <span class='ocrx_word' id='word_1_170' title='bbox 1062 2478 1176 2528; x_wconf 83' lang='lat' dir='ltr'><strong>neone.</strong></span> 
     </span>
     <span class='ocr_line' id='line_1_21' title="bbox 76 2566 1178 2653; baseline 0 -21"><span class='ocrx_word' id='word_1_171' title='bbox 76 2575 163 2645; x_wconf 67' lang='lat' dir='ltr'><strong>M.</strong></span> <span class='ocrx_word' id='word_1_172' title='bbox 185 2590 218 2652; x_wconf 90' lang='lat' dir='ltr'><strong>p.</strong></span> <span class='ocrx_word' id='word_1_173' title='bbox 248 2568 395 2639; x_wconf 78' lang='grc'><strong>100094.</strong></span> <span class='ocrx_word' id='word_1_174' title='bbox 419 2568 490 2653; x_wconf 72' lang='lat' dir='ltr'><strong>(aa.</strong></span> <span class='ocrx_word' id='word_1_175' title='bbox 512 2575 588 2651; x_wconf 80' lang='lat'><strong>215,</strong></span> <span class='ocrx_word' id='word_1_176' title='bbox 615 2568 677 2648; x_wconf 83' lang='lat' dir='ltr'><strong>la.)</strong></span> <span class='ocrx_word' id='word_1_177' title='bbox 714 2570 744 2632; x_wconf 83' lang='lat' dir='ltr'><strong>sl</strong></span> <span class='ocrx_word' id='word_1_178' title='bbox 763 2568 791 2632; x_wconf 76' lang='grc' dir='ltr'><strong>δ’</strong></span> <span class='ocrx_word' id='word_1_179' title='bbox 813 2566 858 2634; x_wconf 83' lang='lat' dir='ltr'><strong>ad</strong></span> <span class='ocrx_word' id='word_1_180' title='bbox 877 2591 924 2645; x_wconf 80' lang='grc' dir='ltr'><strong>τις</strong></span> <span class='ocrx_word' id='word_1_181' title='bbox 944 2569 1002 2645; x_wconf 74' lang='grc' dir='ltr'><strong><em>τοὶς</em></strong></span> <span class='ocrx_word' id='word_1_182' title='bbox 1022 2568 1178 2645; x_wconf 79' lang='grc' dir='ltr'><strong><em>δοκούσας</em></strong></span> 
     </span>
     <span class='ocr_line' id='line_1_22' title="bbox 76 2660 1179 2766; baseline 0 -24"><span class='ocrx_word' id='word_1_183' title='bbox 76 2660 198 2762; x_wconf 68' lang='lat' dir='ltr'><strong>paiduou&#39;</strong></span> <span class='ocrx_word' id='word_1_184' title='bbox 217 2677 316 2762; x_wconf 71' lang='grc' dir='ltr'><em>ἀρχὰς</em></span> <span class='ocrx_word' id='word_1_185' title='bbox 338 2676 502 2763; x_wconf 70' lang='grc' dir='ltr'><strong><em>ἀκινήτους</em></strong></span> <span class='ocrx_word' id='word_1_186' title='bbox 522 2680 604 2743; x_wconf 72' lang='grc' dir='ltr'><em>εἶναι</em></span> <span class='ocrx_word' id='word_1_187' title='bbox 625 2678 662 2742; x_wconf 78' lang='grc' dir='ltr'><strong>τό</strong></span> <span class='ocrx_word' id='word_1_188' title='bbox 683 2700 717 2741; x_wconf 76' lang='grc' dir='ltr'><strong>τε</strong></span> <span class='ocrx_word' id='word_1_189' title='bbox 737 2678 777 2743; x_wconf 81' lang='grc' dir='ltr'><strong>ὄν</strong></span> <span class='ocrx_word' id='word_1_190' title='bbox 790 2683 842 2742; x_wconf 73' lang='grc' dir='ltr'><strong>καὶ</strong></span> <span class='ocrx_word' id='word_1_191' title='bbox 862 2678 898 2745; x_wconf 80' lang='grc' dir='ltr'><strong>τὸ</strong></span> <span class='ocrx_word' id='word_1_192' title='bbox 921 2684 956 2744; x_wconf 76' lang='grc' dir='ltr'><strong>ἓν</strong></span> <span class='ocrx_word' id='word_1_193' title='bbox 971 2681 1070 2766; x_wconf 66' lang='grc' dir='ltr'><strong>θήσει,</strong></span> <span class='ocrx_word' id='word_1_194' title='bbox 1092 2683 1179 2765; x_wconf 76' lang='grc' dir='ltr'><em>πρώ-</em></span> 
     </span>
     <span class='ocr_line' id='line_1_23' title="bbox 76 2786 1178 2876; baseline -0.001 -21"><span class='ocrx_word' id='word_1_195' title='bbox 76 2811 130 2855; x_wconf 70' lang='grc' dir='ltr'><strong>ιον</strong></span> <span class='ocrx_word' id='word_1_196' title='bbox 151 2793 211 2873; x_wconf 73' lang='grc' dir='ltr'><strong>μὲν</strong></span> <span class='ocrx_word' id='word_1_197' title='bbox 238 2791 266 2852; x_wconf 82' lang='lat' dir='ltr'><strong>si</strong></span> <span class='ocrx_word' id='word_1_198' title='bbox 290 2789 331 2876; x_wconf 61' lang='grc' dir='ltr'><strong>μή</strong></span> <span class='ocrx_word' id='word_1_199' title='bbox 359 2789 433 2855; x_wconf 81' lang='grc' dir='ltr'><strong><em>τόδε</em></strong></span> <span class='ocrx_word' id='word_1_200' title='bbox 458 2812 488 2853; x_wconf 77' lang='lat' dir='ltr'><strong>uo</strong></span> <span class='ocrx_word' id='word_1_201' title='bbox 513 2794 567 2853; x_wconf 75' lang='grc' dir='ltr'><strong>καὶ</strong></span> <span class='ocrx_word' id='word_1_202' title='bbox 586 2786 700 2855; x_wconf 78' lang='grc' dir='ltr'><strong><em>οὐσίαν</em></strong></span> <span class='ocrx_word' id='word_1_203' title='bbox 726 2787 871 2875; x_wconf 79' lang='grc' dir='ltr'><strong><em>ἑκάτερον</em></strong></span> <span class='ocrx_word' id='word_1_204' title='bbox 897 2788 1003 2856; x_wconf 76' lang='grc' dir='ltr'><em>αὐτῶν</em></span> <span class='ocrx_word' id='word_1_205' title='bbox 1029 2794 1178 2874; x_wconf 75' lang='grc' dir='ltr'><strong>σημαίνει,</strong></span> 
     </span>
     <span class='ocr_line' id='line_1_24' title="bbox 76 2899 1179 2986; baseline -0.005 -19"><span class='ocrx_word' id='word_1_206' title='bbox 76 2904 141 2976; x_wconf 64' lang='lat' dir='ltr'><strong>mdc</strong></span> <span class='ocrx_word' id='word_1_207' title='bbox 164 2899 324 2963; x_wconf 72' lang='grc' dir='ltr'><strong><em>ἔσονται</em></strong></span> <span class='ocrx_word' id='word_1_208' title='bbox 342 2904 491 2986; x_wconf 69' lang='grc' dir='ltr'><strong><em>χωρισταὶ</em></strong></span> <span class='ocrx_word' id='word_1_209' title='bbox 511 2905 563 2964; x_wconf 76' lang='grc' dir='ltr'><strong>καὶ</strong></span> <span class='ocrx_word' id='word_1_210' title='bbox 581 2905 658 2965; x_wconf 64' lang='grc' dir='ltr'><strong>καθ’</strong></span> <span class='ocrx_word' id='word_1_211' title='bbox 672 2899 785 2980; x_wconf 63' lang='grc' dir='ltr'><strong>αὑτάς,</strong></span> <span class='ocrx_word' id='word_1_212' title='bbox 806 2938 850 2950; x_wconf 88' lang='grc'><strong>-</strong></span> <span class='ocrx_word' id='word_1_213' title='bbox 862 2935 906 2950; x_wconf 87' lang='grc'><strong>--</strong></span> <span class='ocrx_word' id='word_1_214' title='bbox 927 2904 957 2965; x_wconf 78' lang='grc' dir='ltr'><strong>εἴ</strong></span> <span class='ocrx_word' id='word_1_215' title='bbox 975 2925 1010 2982; x_wconf 80' lang='grc' dir='ltr'><strong>γε</strong></span> <span class='ocrx_word' id='word_1_216' title='bbox 1023 2901 1084 2986; x_wconf 65' lang='lat' dir='ltr'><strong>priv</strong></span> <span class='ocrx_word' id='word_1_217' title='bbox 1104 2899 1179 2963; x_wconf 76' lang='lat' dir='ltr'><strong>addc</strong></span> 
     </span>
     <span class='ocr_line' id='line_1_25' title="bbox 76 2998 1179 3096; baseline -0.005 -21"><span class='ocrx_word' id='word_1_218' title='bbox 76 3034 102 3075; x_wconf 75' lang='grc' dir='ltr'><strong>ιι</strong></span> <span class='ocrx_word' id='word_1_219' title='bbox 122 3014 179 3074; x_wconf 78' lang='grc' dir='ltr'><strong>καὶ</strong></span> <span class='ocrx_word' id='word_1_220' title='bbox 201 3007 312 3074; x_wconf 77' lang='grc' dir='ltr'><strong><em>οὐσίαν</em></strong></span> <span class='ocrx_word' id='word_1_221' title='bbox 333 3008 480 3094; x_wconf 72' lang='grc' dir='ltr'><strong>ἑκάτερον</strong></span> <span class='ocrx_word' id='word_1_222' title='bbox 501 3009 606 3075; x_wconf 70' lang='grc' dir='ltr'><em>αὐτῶν</em></span> <span class='ocrx_word' id='word_1_223' title='bbox 632 3012 734 3096; x_wconf 70' lang='grc' dir='ltr'><strong>δηλοῖ,</strong></span> <span class='ocrx_word' id='word_1_224' title='bbox 761 3015 855 3076; x_wconf 61' lang='grc' dir='ltr'><em>πάντ*</em></span> <span class='ocrx_word' id='word_1_225' title='bbox 883 2998 987 3076; x_wconf 72' lang='lat' dir='ltr'><strong>dorla</strong></span> <span class='ocrx_word' id='word_1_226' title='bbox 1013 3008 1119 3075; x_wconf 71' lang='grc' dir='ltr'><strong><em>οὐσίαι</em></strong></span> <span class='ocrx_word' id='word_1_227' title='bbox 1139 3008 1179 3072; x_wconf 77' lang='grc' dir='ltr'><strong>τοὶ</strong></span> 
     </span>
     <span class='ocr_line' id='line_1_26' title="bbox 76 3105 1180 3209; baseline -0.005 -20"><span class='ocrx_word' id='word_1_228' title='bbox 76 3116 166 3189; x_wconf 69' lang='lat' dir='ltr'><strong>daca.</strong></span> <span class='ocrx_word' id='word_1_229' title='bbox 211 3119 284 3184; x_wconf 88' lang='lat' dir='ltr'><strong>Duo</strong></span> <span class='ocrx_word' id='word_1_230' title='bbox 308 3121 545 3184; x_wconf 84' lang='lat' dir='ltr'><strong>enunciatiouis</strong></span> <span class='ocrx_word' id='word_1_231' title='bbox 573 3105 738 3205; x_wconf 79' lang='lat' dir='ltr'><strong>meurbra,</strong></span> <span class='ocrx_word' id='word_1_232' title='bbox 764 3121 880 3209; x_wconf 89' lang='lat' dir='ltr'><strong>quibus</strong></span> <span class='ocrx_word' id='word_1_233' title='bbox 906 3119 1062 3184; x_wconf 84' lang='lat' dir='ltr'><strong>dilemma</strong></span> <span class='ocrx_word' id='word_1_234' title='bbox 1082 3118 1180 3186; x_wconf 85' lang='lat' dir='ltr'><strong>eonfi-</strong></span> 
     </span>
     <span class='ocr_line' id='line_1_27' title="bbox 76 3227 1180 3318; baseline -0.004 -19"><span class='ocrx_word' id='word_1_235' title='bbox 76 3234 180 3316; x_wconf 87' lang='lat' dir='ltr'><strong>uitur,</strong></span> <span class='ocrx_word' id='word_1_236' title='bbox 208 3233 253 3296; x_wconf 89' lang='lat' dir='ltr'><strong>ita</strong></span> <span class='ocrx_word' id='word_1_237' title='bbox 281 3230 340 3296; x_wconf 86' lang='lat' dir='ltr'><strong>sibi</strong></span> <span class='ocrx_word' id='word_1_238' title='bbox 369 3232 455 3296; x_wconf 87' lang='lat' dir='ltr'><strong>inter</strong></span> <span class='ocrx_word' id='word_1_239' title='bbox 476 3252 512 3296; x_wconf 84' lang='lat' dir='ltr'><strong>se</strong></span> <span class='ocrx_word' id='word_1_240' title='bbox 535 3234 751 3318; x_wconf 84' lang='lat' dir='ltr'><strong>respondent,</strong></span> <span class='ocrx_word' id='word_1_241' title='bbox 779 3239 814 3296; x_wconf 88' lang='lat' dir='ltr'><strong>ut</strong></span> <span class='ocrx_word' id='word_1_242' title='bbox 837 3227 1022 3297; x_wconf 85' lang='lat' dir='ltr'><strong>necessario</strong></span> <span class='ocrx_word' id='word_1_243' title='bbox 1049 3236 1180 3316; x_wconf 88' lang='lat' dir='ltr'><strong>tompus</strong></span> 
     </span>
     <span class='ocr_line' id='line_1_28' title="bbox 76 3342 1232 3430; baseline -0.003 -21"><span class='ocrx_word' id='word_1_244' title='bbox 76 3344 220 3410; x_wconf 84' lang='lat' dir='ltr'><strong>futurum</strong></span> <span class='ocrx_word' id='word_1_245' title='bbox 243 3343 426 3407; x_wconf 84' lang='lat' dir='ltr'><strong>sententiae</strong></span> <span class='ocrx_word' id='word_1_246' title='bbox 447 3342 543 3407; x_wconf 88' lang='lat' dir='ltr'><strong>unice</strong></span> <span class='ocrx_word' id='word_1_247' title='bbox 565 3349 695 3429; x_wconf 90' lang='lat' dir='ltr'><strong>aptum,</strong></span> <span class='ocrx_word' id='word_1_248' title='bbox 716 3344 801 3430; x_wconf 87' lang='lat' dir='ltr'><strong>quod</strong></span> <span class='ocrx_word' id='word_1_249' title='bbox 823 3350 874 3408; x_wconf 87' lang='lat' dir='ltr'><strong>est</strong></span> <span class='ocrx_word' id='word_1_250' title='bbox 895 3343 927 3407; x_wconf 91' lang='lat' dir='ltr'><strong>iu</strong></span> <span class='ocrx_word' id='word_1_251' title='bbox 950 3342 1071 3428; x_wconf 86' lang='lat' dir='ltr'><strong>priore,</strong></span> <span class='ocrx_word' id='word_1_252' title='bbox 1092 3342 1179 3406; x_wconf 88' lang='lat' dir='ltr'><strong>idem</strong></span> <span class='ocrx_word' id='word_1_253' title='bbox 1230 3424 1232 3428; x_wconf 68' lang='lat'><strong>,</strong></span> 
     </span>
     <span class='ocr_line' id='line_1_29' title="bbox 76 3451 1180 3541; baseline -0.005 -20"><span class='ocrx_word' id='word_1_254' title='bbox 76 3455 179 3521; x_wconf 80' lang='lat' dir='ltr'><strong>etiam</strong></span> <span class='ocrx_word' id='word_1_255' title='bbox 196 3454 227 3516; x_wconf 91' lang='lat' dir='ltr'><strong>in</strong></span> <span class='ocrx_word' id='word_1_256' title='bbox 244 3453 421 3538; x_wconf 87' lang='lat' dir='ltr'><strong>posteriore</strong></span> <span class='ocrx_word' id='word_1_257' title='bbox 437 3453 639 3541; x_wconf 84' lang='lat' dir='ltr'><strong>requiramus</strong></span> <span class='ocrx_word' id='word_1_258' title='bbox 661 3455 761 3518; x_wconf 63' lang='lat' dir='ltr'><strong>noina</strong></span> <span class='ocrx_word' id='word_1_259' title='bbox 774 3454 883 3520; x_wconf 74' lang='grc' dir='ltr'><strong><em>ἔσται</em></strong></span> <span class='ocrx_word' id='word_1_260' title='bbox 904 3452 1009 3520; x_wconf 77' lang='grc' dir='ltr'><strong><em>οὐσίαι</em></strong></span> <span class='ocrx_word' id='word_1_261' title='bbox 1030 3453 1070 3517; x_wconf 80' lang='lat' dir='ltr'><strong>coi</strong></span> <span class='ocrx_word' id='word_1_262' title='bbox 1091 3451 1180 3527; x_wconf 79' lang='grc' dir='ltr'><strong>ὄντα,</strong></span> 
     </span>
     <span class='ocr_line' id='line_1_30' title="bbox 76 3561 1182 3651; baseline -0.005 -20"><span class='ocrx_word' id='word_1_263' title='bbox 76 3567 194 3631; x_wconf 83' lang='lat' dir='ltr'><strong>eodem</strong></span> <span class='ocrx_word' id='word_1_264' title='bbox 222 3565 318 3628; x_wconf 87' lang='lat' dir='ltr'><strong>modo</strong></span> <span class='ocrx_word' id='word_1_265' title='bbox 348 3582 387 3628; x_wconf 87' lang='lat' dir='ltr'><strong>ao</strong></span> <span class='ocrx_word' id='word_1_266' title='bbox 416 3566 526 3648; x_wconf 89' lang='lat' dir='ltr'><strong>paullo</strong></span> <span class='ocrx_word' id='word_1_267' title='bbox 554 3565 640 3630; x_wconf 81' lang='lat' dir='ltr'><strong>infra</strong></span> <span class='ocrx_word' id='word_1_268' title='bbox 669 3565 788 3651; x_wconf 80' lang='lat' dir='ltr'><strong>legitur</strong></span> <span class='ocrx_word' id='word_1_269' title='bbox 810 3566 856 3630; x_wconf 74' lang='grc' dir='ltr'><strong>ἔτι</strong></span> <span class='ocrx_word' id='word_1_270' title='bbox 876 3567 1011 3649; x_wconf 72' lang='grc' dir='ltr'><strong><em>πότερον</em></strong></span> <span class='ocrx_word' id='word_1_271' title='bbox 1030 3561 1067 3627; x_wconf 80' lang='lat' dir='ltr'><strong>oi</strong></span> <span class='ocrx_word' id='word_1_272' title='bbox 1085 3561 1182 3648; x_wconf 69' lang='lat' dir='ltr'><strong>appol</strong></span> 
     </span>
     <span class='ocr_line' id='line_1_31' title="bbox 76 3671 1181 3766; baseline -0.005 -25"><span class='ocrx_word' id='word_1_273' title='bbox 76 3676 155 3741; x_wconf 77' lang='grc' dir='ltr'><strong><em>εἴδει</em></strong></span> <span class='ocrx_word' id='word_1_274' title='bbox 175 3677 196 3762; x_wconf 81' lang='grc' dir='ltr'><em>ἢ</em></span> <span class='ocrx_word' id='word_1_275' title='bbox 218 3674 346 3762; x_wconf 66' lang='grc' dir='ltr'><em>ἀριθμῷ</em></span> <span class='ocrx_word' id='word_1_276' title='bbox 360 3672 516 3756; x_wconf 68' lang='lat' dir='ltr'><strong>uicesimi,</strong></span> <span class='ocrx_word' id='word_1_277' title='bbox 539 3678 568 3741; x_wconf 81' lang='lat' dir='ltr'><strong>el</strong></span> <span class='ocrx_word' id='word_1_278' title='bbox 586 3678 646 3761; x_wconf 73' lang='lat' dir='ltr'><strong>yolo</strong></span> <span class='ocrx_word' id='word_1_279' title='bbox 667 3675 796 3766; x_wconf 51' lang='lat' dir='ltr'><strong>cipe-‘ipsud</strong></span> <span class='ocrx_word' id='word_1_280' title='bbox 816 3674 926 3739; x_wconf 76' lang='grc' dir='ltr'><strong><em>πάντ’</em></strong></span> <span class='ocrx_word' id='word_1_281' title='bbox 946 3674 1059 3739; x_wconf 79' lang='grc' dir='ltr'><strong><em>ἔσται</em></strong></span> <span class='ocrx_word' id='word_1_282' title='bbox 1079 3671 1181 3738; x_wconf 74' lang='lat' dir='ltr'><strong>audaci</strong></span> 
     </span>
     <span class='ocr_line' id='line_1_32' title="bbox 77 3784 1181 3871; baseline -0.002 -20"><span class='ocrx_word' id='word_1_283' title='bbox 77 3785 159 3858; x_wconf 77' lang='lat' dir='ltr'><strong>lr30.</strong></span> <span class='ocrx_word' id='word_1_284' title='bbox 197 3785 261 3869; x_wconf 84' lang='lat' dir='ltr'><strong>(lbi</strong></span> <span class='ocrx_word' id='word_1_285' title='bbox 283 3786 344 3850; x_wconf 89' lang='lat' dir='ltr'><strong>cod</strong></span> <span class='ocrx_word' id='word_1_286' title='bbox 365 3784 406 3848; x_wconf 86' lang='grc' dir='ltr'><strong>Τ.</strong></span> <span class='ocrx_word' id='word_1_287' title='bbox 428 3788 544 3863; x_wconf 78' lang='grc' dir='ltr'><em>πάντες</em></span> <span class='ocrx_word' id='word_1_288' title='bbox 564 3788 644 3871; x_wconf 74' lang='lat' dir='ltr'><strong>slot.)</strong></span> <span class='ocrx_word' id='word_1_289' title='bbox 682 3786 796 3853; x_wconf 79' lang='lat' dir='ltr'><strong>Fidem</strong></span> <span class='ocrx_word' id='word_1_290' title='bbox 815 3787 1033 3851; x_wconf 88' lang='lat' dir='ltr'><strong>emendationi</strong></span> <span class='ocrx_word' id='word_1_291' title='bbox 1048 3791 1181 3849; x_wconf 85' lang='lat' dir='ltr'><strong>nostrae</strong></span> 
     </span>
     <span class='ocr_line' id='line_1_33' title="bbox 77 3894 1180 3984; baseline -0.002 -24"><span class='ocrx_word' id='word_1_292' title='bbox 77 3897 171 3961; x_wconf 87' lang='lat' dir='ltr'><strong>addit</strong></span> <span class='ocrx_word' id='word_1_293' title='bbox 192 3895 444 3961; x_wconf 84' lang='lat' dir='ltr'><strong>commentarius</strong></span> <span class='ocrx_word' id='word_1_294' title='bbox 465 3894 665 3982; x_wconf 88' lang='lat' dir='ltr'><strong>Alexandri,</strong></span> <span class='ocrx_word' id='word_1_295' title='bbox 687 3897 739 3984; x_wconf 88' lang='lat' dir='ltr'><strong>qui</strong></span> <span class='ocrx_word' id='word_1_296' title='bbox 763 3897 902 3962; x_wconf 87' lang='lat' dir='ltr'><strong>futurum</strong></span> <span class='ocrx_word' id='word_1_297' title='bbox 926 3897 1014 3964; x_wconf 78' lang='grc' dir='ltr'><strong><em>ἔσται</em></strong></span> <span class='ocrx_word' id='word_1_298' title='bbox 1034 3895 1065 3958; x_wconf 91' lang='lat' dir='ltr'><strong>in</strong></span> <span class='ocrx_word' id='word_1_299' title='bbox 1088 3900 1180 3959; x_wconf 85' lang='lat' dir='ltr'><strong>textu</strong></span> 
     </span>
     <span class='ocr_line' id='line_1_34' title="bbox 79 4004 1182 4088; baseline -0.005 -16"><span class='ocrx_word' id='word_1_300' title='bbox 79 4006 235 4074; x_wconf 88' lang='lat' dir='ltr'><strong>habuisse</strong></span> <span class='ocrx_word' id='word_1_301' title='bbox 256 4007 385 4074; x_wconf 83' lang='lat' dir='ltr'><strong>uidetur</strong></span> <span class='ocrx_word' id='word_1_302' title='bbox 412 4007 441 4072; x_wconf 76' lang='lat' dir='ltr'><strong>ei</strong></span> <span class='ocrx_word' id='word_1_303' title='bbox 460 4005 498 4072; x_wconf 75' lang='lat' dir='ltr'><strong>dd</strong></span> <span class='ocrx_word' id='word_1_304' title='bbox 517 4004 601 4072; x_wconf 72' lang='grc' dir='ltr'><strong><em>ἐστιν</em></strong></span> <span class='ocrx_word' id='word_1_305' title='bbox 620 4005 786 4075; x_wconf 32' lang='grc' dir='ltr'><strong><em>οὐσίανκαὶ</em></strong></span> <span class='ocrx_word' id='word_1_306' title='bbox 806 4008 842 4077; x_wconf 77' lang='lat' dir='ltr'><strong>sd</strong></span> <span class='ocrx_word' id='word_1_307' title='bbox 864 4009 905 4078; x_wconf 79' lang='grc' dir='ltr'><strong>ὃν</strong></span> <span class='ocrx_word' id='word_1_308' title='bbox 924 4012 976 4072; x_wconf 72' lang='grc' dir='ltr'><strong>καὶ</strong></span> <span class='ocrx_word' id='word_1_309' title='bbox 995 4006 1032 4078; x_wconf 78' lang='grc' dir='ltr'><strong>τὰ</strong></span> <span class='ocrx_word' id='word_1_310' title='bbox 1054 4007 1103 4088; x_wconf 75' lang='lat' dir='ltr'><strong>tv,</strong></span> <span class='ocrx_word' id='word_1_311' title='bbox 1129 4009 1182 4068; x_wconf 78' lang='grc' dir='ltr'><strong>καὶ</strong></span> 
     </span>
    </p>
   </div>
   <div class='ocr_carea' id='block_1_2' title="bbox 0 0 1313 4388">
    <p class='ocr_par' dir='ltr' id='par_1_2' title="bbox 0 0 1313 4388">
     <span class='ocr_line' id='line_1_35' title="bbox 0 0 1313 4388; baseline 0 0"><span class='ocrx_word' id='word_1_312' title='bbox 0 0 1313 4388; x_wconf 95' lang='lat' dir='ltr'><strong> </strong></span> 
     </span>
    </p>
   </div>
  </div>
 </body>
</html>
