2602 4388
1115 222 1159 291 ta

10 395 15 433 t
67 381 239 467 proximum
252 379 471 463 emaciatum,
491 377 784 466 quodasuperiore
804 370 922 464 puneto
936 381 1157 456 distinximusr

10 534 13 549 ·
65 493 144 557 έοιαι
164 514 199 556 τε
220 491 315 555 πλείω
337 490 578 576 παραδείγματα
597 495 655 556 aori
676 487 791 566 αὐτοῦ,
813 493 965 558 ὥστεκαὶ
992 497 1067 584 εἴδη,
1090 499 1159 565 οἷον

63 607 113 669 τοῦ
134 601 312 688 ἀνθρώπου
334 600 370 664 ιο
393 600 472 690 ζῴον
492 605 545 664 καὶ
565 601 601 666 τὸ
624 601 753 674 δίπουν,
781 605 851 684 ἅμα
878 600 914 665 δὲ
942 610 994 668 καὶ
1018 607 1159 675 admotu.

60 719 195 798 θρωπος.
238 712 284 776 ἔτι
307 709 345 776 οὗ
372 713 555 791 μόνοντῶν
577 713 737 798 αἰσθητῶν
758 711 1000 796 παραδείγματος
1021 719 1061 781 ecl
1083 720 1158 807 εἴδη,

59 823 141 889 ἀλλὰ
167 827 221 887 καὶ
241 820 348 886 αὐτῶν
364 822 407 904 ¹),
435 820 503 887 οἷον
529 821 566 885 τὰ
592 825 682 902 γένος
708 827 772 886 τῶν
797 819 841 897 οἷς
867 827 976 902 γένους
991 824 1021 906 ²)
1055 829 1157 894 εἰδῶν·

57 938 134 1000 ὥστε
147 932 183 998 τὰ
200 931 279 999 αὖτέ
294 931 381 996 ε”οιοιι
396 932 598 1016 παράδειγμα
611 935 664 994 καὶ
676 933 775 998 εἰκών.
803 938 851 1008 Μ,
867 955 897 1017 p.
915 935 1158 1024 millum—34,

55 1053 95 1122 A,
118 1067 151 1130 p.
165 1047 409 1116 991a27-31,
454 1041 612 1106 Nimirum
635 1041 696 1106 hoo
717 1045 943 1111 demonstrare
960 1045 1158 1119 Aristoteles

54 1156 208 1240 instituit,
231 1156 272 1218 ad
288 1152 536 1238 generationem
552 1157 585 1216 et
601 1152 642 1216 ad
658 1151 884 1218 exsistentiam
900 1177 1007 1220 rerum
1024 1158 1158 1223 sensibi-

54 1267 136 1332 lium
158 1267 251 1331 ideas
271 1264 351 1328 nihil
372 1263 554 1349 portinere3
583 1265 667 1348 quod
692 1271 800 1328 autem
824 1263 920 1349 plura
941 1269 1086 1348 ejusdem
1110 1268 1158 1335 rei

54 1376 259 1461 exemplaria
274 1382 370 1462 atquo
385 1374 528 1458 ipsarum
551 1375 648 1438 etiam
665 1375 810 1440 idearum
829 1376 918 1442 ideas
941 1398 960 1442 e
975 1377 1159 1444 Platonico-

54 1511 128 1555 rum
144 1488 309 1553 sententia
323 1487 490 1571 ponendas
505 1506 578 1550 esse
593 1488 699 1569 donet,
714 1488 748 1551 id
763 1508 860 1571 quum
876 1488 1004 1552 omnino
1017 1493 1058 1555 ad
1070 1491 1159 1556 idea·

54 1614 129 1665 'rum
162 1597 345 1663 doctrinam
371 1597 620 1661 examinandam
654 1597 833 1682 referatur,
867 1601 908 1663 ad
937 1598 1021 1665 hano
1047 1609 1158 1669 tannen

54 1709 311 1798 [impositionem
344 1707 424 1771 nihil
457 1707 566 1772 faeere
594 1712 724 1792 potest„
746 1706 878 1779 ‘Quare
910 1709 1056 1795 suspicor
1084 1733 1158 1795 per·

53 1844 171 1910 peram
201 1821 282 1885 heae
315 1819 418 1884 verba
450 1817 581 1883 aliunde
614 1818 741 1882 intrusa
776 1838 850 1883 esse
862 1867 873 1903 ,
900 1840 995 1907 quam
1029 1822 1159 1908 quidem

55 1932 257 2000 sententiam
284 1930 317 1996 id
344 1932 472 1995 videtur
500 1929 711 2012 confirmare,
740 1932 823 2016 quod
846 1929 1039 1998 Alexander
1059 1935 1160 1999 tradit

53 2068 88 2133 p.
112 2050 262 2117 5751140.
303 2041 410 2117 ,ἔσται
430 2075 473 2089 --
493 2041 587 2126 eldad
629 2043 708 2125 αέυιγ
729 2038 748 2127 ἢ
770 2042 851 2120 λέξις
877 2044 937 2118 έοις
957 2049 1015 2108 τοῦ
1035 2043 1081 2108 ἔτι
1101 2045 1160 2111 δό-

55 2163 140 2238 ξειεν
161 2157 205 2219 ἄν
226 2152 389 2216 ἀδύνατον
410 2153 492 2214 εἶναι
512 2149 548 2212 έν
568 2166 647 2214 τισιν
669 2149 707 2214 ori
729 2155 866 2236 φέρεται·
897 2152 948 2218 διὰ
976 2153 1054 2218 οὐδὲ
1079 2154 1160 2220 dres-

55 2269 290 2354 μνηματέσοινιο
314 2260 421 2347 αὐτήν.
471 2259 540 2325 Νοο
561 2265 671 2324 tamen
693 2261 863 2348 quidquam
886 2283 945 2346 pro
973 2272 1062 2329 oerto
1084 2286 1159 2330 oon·

55 2378 196 2444 tendere
218 2375 333 2439 ausim.

145 2485 312 2571 Singulari
335 2485 475 2571 quadam
496 2482 624 2547 ratione
647 2482 806 2568 longeque
828 2483 959 2549 diversa
973 2484 1015 2548 ab
1032 2485 1071 2550 iis
1087 2509 1161 2571 per.

55 2599 166 2684 tibua,
188 2599 229 2662 de
250 2595 364 2681 quibus
386 2615 473 2658 nuno
494 2593 746 2679 disputavimus,
767 2593 964 2678 compositus
986 2604 1038 2660 eat
1058 2601 1160 2664 unde·

55 2712 163 2778 oimus
185 2707 477 2793 metaphysioorum
501 2704 585 2769 liber
600 2702 648 2788 K,
670 2685 792 2767 utnon
815 2704 943 2770 mireris
958 2706 1019 2774 lroe
1032 2710 1161 2795 potissi·

56 2844 149 2889 nrum
176 2819 209 2885 in
237 2819 321 2884 libro
354 2816 557 2882 aestimando
591 2822 625 2880 et
655 2815 861 2896 dijudicando
886 2838 945 2882 eos
970 2817 1003 2883 in
1033 2822 1162 2887 divorsa

56 3003 260 3023 „fu—⁸·

129 3128 157 3193 l)
175 3127 227 3179 τῶν
243 3127 320 3179 idedu
336 3125 396 3179 add.
412 3124 457 3178 lib.
475 3129 506 3178 A.
831 3191 833 3194 ,

127 3213 157 3278 2)
174 3211 225 3264 Pro
243 3210 271 3263 τὸ
288 3212 364 3282 γένος
380 3212 431 3262 τῶν
448 3208 484 3265 οἷς
499 3209 591 3280 γένους
607 3207 683 3259 εἰδῶν
700 3207 783 3277 primo
800 3208 827 3261 in
844 3209 912 3262 libro
930 3209 1055 3279 seriptum
1075 3222 1117 3266 est
1132 3211 1161 3266 τὸ

55 3297 137 3368 γένος
159 3294 195 3351 οἷς
215 3297 292 3366 γένος
311 3297 394 3348 εἰδῶν.
433 3293 501 3345 lllud
525 3309 602 3363 quum
625 3293 657 3344 ad
684 3292 882 3361 intelligendum
909 3294 1012 3348 facilius
1038 3297 1075 3349 sit
1100 3298 1161 3350 inde

55 3381 141 3434 etiam
163 3383 289 3448 majorem
311 3379 424 3433 arbitror
447 3378 525 3431 tidem
548 3378 678 3446 accipere,
700 3379 767 3448 quod
786 3378 854 3431 idem
872 3379 1023 3434 Alexander
1039 3382 1065 3433 in
1084 3392 1162 3432 textu

56 3465 137 3536 prirui
155 3465 213 3518 libri
232 3463 354 3517 habuisse
372 3464 485 3529 videtur,
507 3480 585 3533 quum
605 3460 703 3514 scribat
720 3462 747 3515 τὸ
765 3462 818 3537 γὰρ
835 3467 912 3535 γένος
931 3466 991 3517 τῶν
1007 3466 1102 3517 αὐτοῦ
1117 3468 1161 3518 εἰ·

56 3551 127 3603 έοῖν
148 3552 217 3602 ἔσται
233 3549 400 3622 παράδειγμα
417 3568 443 3621 p.
461 3547 590 3612 ambas,
612 3557 748 3616 praeterea
767 3549 801 3600 cs.
819 3549 882 3601 Met.
900 3558 932 3612 Z,
952 3553 991 3601 12.
1011 3565 1034 3617 p.
1054 3551 1162 3603 leuare.

55 3638 81 3689 el
97 3627 145 3688 οὖν
161 3631 189 3685 ri
206 3635 283 3705 γένος
300 3632 387 3687 ἁπλοῖς
401 3633 440 3702 μή
456 3635 508 3684 ἐστι
519 3629 591 3706 πυροὶ
608 3630 644 3682 τὰ
662 3631 703 3688 dc
720 3635 834 3703 γένους
849 3631 923 3696 εἴδη.
943 3638 964 3696 Ι,
977 3635 1001 3685 7.
1015 3649 1039 3702 p.
1053 3633 1161 3687 laetat.

56 3719 90 3774 τὰ
105 3722 215 3772 ένοιντέο
231 3719 284 3782 εἴδη
302 3715 344 3772 ὥς
360 3717 481 3786 γένους.
509 3725 531 3781 1,
549 3721 573 3771 8.
592 3733 616 3785 p.
636 3719 769 3770 lueaaee.
794 3717 856 3768 τῶν
872 3715 912 3772 ὥς
928 3717 1044 3786 γένους
1060 3719 1161 3770 εἰδῶν.

57 3811 99 3867 Μ,
116 3808 144 3859 9.
161 3819 186 3872 p.
205 3805 338 3857 leaenae.
359 3798 422 3874 ὅπερ
437 3802 480 3852 ἐπὶ
496 3803 548 3854 τῶν
563 3803 640 3855 εἰδῶν
656 3803 718 3854 τῶν
734 3800 775 3857 οἷς
791 3801 905 3871 γένους
922 3804 1056 3872 συμβαίνει
1072 3801 1161 3852 dono·

58 3892 123 3962 ρεῑν.
159 3887 264 3941 Additis
282 3885 323 3939 his
340 3884 430 3938 verbis
446 3885 483 3940 oie
499 3886 590 3954 γένους
608 3885 766 3938 Aristoteles
790 3885 943 3939 distinxisse
962 3885 1067 3937 videtur
1084 3885 1161 3947 sidae,

58 3971 105 4025 uhi
129 3970 273 4043 speciem
296 3981 426 4042 tamquam
445 3979 545 4038 partem
563 3969 669 4038 generis
687 3969 834 4040 significat,
857 3971 888 4025 ab
912 3968 983 4022 idea
1005 3984 1085 4020 sensu
1103 3967 1160 4020 Pla·

59 4056 159 4112 tonino.
