2602 4388
94 164 139 241 88
175 144 178 148 ,

95 329 162 396 Sed
190 327 281 394 nulla
306 328 465 411 ejosrnodi
494 295 775 394 mantione‘faeta
802 327 1004 414 simpliciter
1019 325 1133 396 locum,
1148 325 1195 391 lris

94 439 203 508 ventris
231 439 484 523 interpretatum
520 441 549 502 εἰ
575 444 655 521 γοῦν
680 439 778 525 μηδὲν
807 445 871 505 vav
898 440 1002 506 ὄντων
1028 437 1113 521 ἔχειν
1132 461 1197 514 τους

94 549 327 633 ἀπολαμβάνει,
354 548 421 613 ἀλλ’
449 545 565 632 ὁμοίως
592 552 690 614 οἴεταί
716 573 750 613 τε
773 555 826 613 καὶ
847 549 904 615 οῦκ
925 555 1023 614 οἴεται
1043 554 1096 612 καὶ
1117 545 1197 613 ἀπο-

94 660 249 743 λαμβάνει
269 666 322 724 καὶ
343 657 402 742 οῦχ
422 653 642 742 ὑπολαμβάνει
668 663 738 745 περὶ
763 658 908 737 ἑκάστου,
937 658 954 726 ὁ
977 664 1119 735 τοιοῦτος
1143 657 1198 723 οῦ-

95 771 152 836 δὲν
173 773 215 836 ἀν
237 770 384 857 διαφέροι
412 773 537 855 φυτοῦ
565 771 611 852 (n.
627 770 649 836 t'.
673 768 809 855 φυτῶν),
832 772 914 853 άπερ
936 767 1013 834 οῦδὲ
1033 770 1116 844 ὅλως
1138 768 1198 850 ἔχει

94 881 150 966 τὴν
170 880 382 966 ῦποληιττιιιὴν
404 879 541 963 δύναμιν
562 882 615 964 τῆς
636 885 748 970 ψυχῆς.
770 903 800 965 p.
823 882 978 958 665b31.;
1007 882 1122 945 codem
1145 901 1198 946 ve·

95 991 211 1058 cabulo
234 995 339 1076 φυτοῦ
360 989 408 1053 bis
437 991 553 1054 deinde
581 990 613 1052 in
644 994 788 1071 ejusdem
818 992 866 1055 rei
896 990 1117 1075 explicatione
1139 989 1199 1054 uti-

94 1115 148 1168 tur
170 1126 200 1187 p.
223 1108 354 1173 eattae.
382 1106 509 1186 φυτοῦ
535 1101 595 1184 γάρ
622 1107 674 1165 καὶ
701 1108 794 1166 τοῦτο
821 1106 873 1166 καὶ
899 1099 956 1166 οῦκ
983 1101 1199 1188 ἀνθράπουῆ

95 1215 172 1302 ζῴου
194 1214 328 1292 λογικοῦ.
357 1219 413 1282 ad.
447 1210 514 1275 ἀλλ’
535 1208 578 1287 ὥς
606 1224 744 1297 φυτοῖς
772 1213 835 1298 ζῆν.
887 1212 969 1276 lnde
991 1213 1061 1278 veri
1085 1219 1137 1276 est
1158 1215 1198 1276 si-

93 1323 264 1388 millimum
286 1323 327 1387 alr
350 1321 530 1387 Aristotele
552 1324 708 1407 scriptum
735 1323 836 1388 fuisse
863 1328 892 1388 τί
918 1326 961 1388 ἀν
986 1323 1199 1407 διαφερόντως

94 1434 160 1517 ἔχοι
186 1440 249 1499 τοῖν
274 1439 404 1519 φυτιῦν
431 1432 484 1498 vel
512 1437 574 1497 τῶν
603 1457 644 1515 γε
677 1440 814 1518 φυτιῦν.
864 1432 949 1505 Quid
979 1435 1062 1519 quod
1094 1433 1197 1517 ipsum

94 1542 311 1610 Aristotelem
339 1542 576 1610 emendationis
604 1553 737 1608 nostrae
764 1551 881 1610 testem
905 1544 1059 1609 arihibere
1086 1566 1199 1629 possu-

94 1681 182 1739 urus3
205 1656 325 1722 etenim
349 1657 526 1720 decadem
550 1678 587 1720 re
608 1655 719 1742 paullo
742 1663 819 1721 ante
842 1677 872 1740 p.
898 1660 1064 1728 rodoara.
1088 1656 1200 1722 scribit

95 1772 205 1854 ὅμοιος
226 1767 286 1850 γάρ
308 1771 414 1855 φυτῷ
435 1765 453 1831 ὁ
476 1770 619 1843 τοιοῦτος
639 1763 658 1857 ᾗ
680 1772 821 1843 τοιοῦτος
842 1768 911 1853 ἤδη.

180 1876 245 1943 Ubi
269 1876 431 1962 exposuit,
455 1885 654 1963 quantopere
677 1877 699 1942 ii
723 1885 845 1961 errent,
867 1879 920 1964 qui
944 1877 1103 1963 principio
1126 1900 1199 1944 eon·

95 1988 298 2053 tradictionis
320 2009 503 2072 repugnare
532 1989 753 2075 susceperint,
780 2011 930 2053 caussam
959 1989 1058 2054 etiarn
1087 2011 1128 2055 ac
1149 2011 1201 2053 ra-

96 2100 217 2164 tionem
241 2099 380 2185 quaerit,
403 2120 465 2183 qua
487 2099 519 2161 in
544 2122 617 2163 euru
640 2122 784 2165 errorem
801 2098 926 2184 delapsi
943 2100 1024 2180 sint3
1047 2099 1199 2164 nirnirurn

97 2233 153 2278 cos
175 2209 401 2296 philosophos,
424 2210 476 2295 qui
500 2210 588 2274 illam
613 2212 807 2276 sententiam
832 2210 978 2294 amplexi
1000 2211 1083 2296 siut,
1106 2211 1201 2277 unice

96 2345 152 2388 res
174 2322 345 2386 sensibiles
368 2328 401 2385 ct
424 2321 596 2392 mutationi
620 2321 777 2386 obnoxias
803 2327 984 2405 spectasse,
1007 2343 1093 2406 quae
1108 2345 1201 2408 sane,

95 2455 191 2520 (laum
221 2438 402 2515 mutentur,
430 2454 502 2497 eum
531 2431 638 2518 aliqua
666 2432 736 2495 veri
764 2432 873 2516 specie
901 2453 1004 2515 neque
1037 2455 1113 2500 esse
1142 2457 1201 2500 ne·

96 2567 159 2631 que
189 2566 252 2607 non
282 2565 356 2608 esse
379 2543 441 2608 dici
464 2542 599 2627 possint.
643 2539 729 2628 ἡμεῖς
757 2543 793 2606 δὲ
819 2548 871 2607 καὶ
899 2544 977 2627 πρὸς
1005 2544 1123 2610 τοῦτον
1146 2547 1201 2611 τόν

96 2655 192 2735 λόγον
207 2655 339 2739 ἐροῦμεν
354 2656 402 2719 ὅτι
422 2654 456 2717 τὸ
478 2659 536 2737 μὲν
556 2652 754 2737 μεταβάλλον
776 2657 828 2720 ὅτε
848 2654 1036 2738 μεταβάλλει
1053 2655 1117 2738 ἔχει
1131 2656 1201 2720 τινά

96 2760 204 2839 αὐτοῖς
225 2762 330 2849 ἀληθῆ
350 2765 444 2842 λόγον
465 2764 506 2848 μὴ
529 2767 653 2827 οἴεσθαι
674 2767 764 2830 εἶναι.
807 2769 908 2829 καίτοι
935 2764 999 2829 ε”στι
1023 2791 1058 2846 γε
1082 2766 1200 2851 ἀμφιο·

96 2874 271 2959 βητήσιμον·
299 2875 336 2936 τό
362 2897 395 2935 τε
419 2874 480 2956 γάρ
509 2872 694 2955 ἀποβάλλον
716 2873 778 2956 elgar
799 2898 828 2937 τι
851 2880 909 2939 τοῦ
930 2875 1200 2960 ἀποβαλλομένου,

96 2989 148 3048 καὶ
168 2992 226 3048 τοῦ
245 2986 429 3067 γιγνομένου
456 2982 516 3068 ἤδη
543 2982 662 3068 ἀνάγκη
683 3007 713 3046 τι
734 2987 823 3049 εἶναι.
866 2991 900 3061 Γ,
921 2994 951 3057 ὅ.
975 3009 1006 3071 p.
1029 2993 1199 3071 16161118.

97 3095 166 3178 (Br.
189 3099 245 3178 76,
269 3094 333 3185 15.)
377 3092 483 3165 Quum
513 3093 563 3157 his
589 3093 697 3158 verbis
726 3095 798 3180 ipsa
824 3097 960 3160 mutatio
984 3097 1200 3180 describatur,

96 3204 151 3268 ubi
173 3207 308 3269 necdum
332 3203 439 3270 altera
460 3204 508 3270 rei
531 3211 650 3269 natura
670 3197 807 3291 prorsus
821 3208 964 3290 evanuit,
987 3227 1083 3291 quam
1100 3215 1200 3274 antea

97 3313 256 3397 habebut,
279 3336 382 3400 neque
405 3315 512 3380 altera
530 3317 602 3396 jam
624 3315 772 3400 perfecta
793 3324 863 3399 est,
885 3318 928 3380 ad
949 3337 1045 3401 quam
1066 3318 1199 3402 transit,

96 3447 197 3509 aegre
224 3447 340 3490 careas
376 3423 409 3488 iu
443 3424 551 3508 priore
584 3427 747 3492 enunciati
781 3424 925 3491 membro
955 3448 997 3491 ea
1024 3429 1199 3512 particula,

95 3557 180 3623 quae
202 3536 384 3620 particulae
404 3535 465 3622 ἤδη
488 3536 520 3600 in
543 3536 647 3603 altero
670 3536 815 3601 membro
838 3539 1045 3622 respondeat,
1068 3536 1117 3602 ita
1131 3538 1200 3626 qui·

97 3649 171 3713 dem
193 3653 229 3709 ut
252 3648 456 3712 scribendum
479 3669 617 3713 censeas
638 3647 701 3729 ἔχει
721 3672 755 3711 τι
777 3647 832 3712 ἔτι
854 3653 912 3712 τοῦ
926 3646 1200 3731 ἀποβαλλομένου.

97 3757 206 3841 Atque
235 3756 317 3820 hauc
345 3759 537 3842 particulam
565 3755 753 3842 icaunae
787 3765 920 3842 propter
952 3757 1198 3822 similitudinem

99 3868 267 3952 proximae
294 3868 428 3935 voculae
457 3865 611 3930 facillime
634 3888 654 3929 a
676 3865 818 3932 librariis
845 3867 948 3931 omitti
978 3874 1127 3951 poterat,
1154 3867 1196 3940 ab

98 3977 277 4046 Aristotele
300 3981 462 4060 adjectam
487 3974 605 4062 fuisse,
627 3976 808 4046 Alexandri
831 3978 1099 4061 interpretatione
1121 4000 1195 4064 pro-
