2602 4388
94 213 159 283 128

92 388 163 446 tate
185 399 259 446 esse
289 381 452 462 statuant,
480 377 585 462 illem,
613 377 787 444 transitum
815 389 938 465 parans
966 381 1008 444 ad
1032 369 1194 464 Pythago

92 514 180 576 reos,
203 489 293 553 initio
316 489 457 574 proximi
479 488 597 574 capitis
618 489 749 574 repetit.
793 498 833 566 N,
856 499 887 562 3.
911 514 942 577 p.
961 493 1133 563 1090al7.
1151 495 1197 563 18.

94 603 265 688 (31.297,
290 610 338 674 15.
364 599 430 684 16.)
454 597 485 663 oi
506 604 565 683 μὲν
586 597 647 664 οὖν
667 603 828 685 τιθέμενοι
848 601 905 678 τοὶς
927 602 1015 678 ἰδέας
1041 592 1127 666 εἶναι
1147 606 1199 666 καὶ

93 711 252 797 άριθμοιλς
279 712 380 788 αὐτάς
406 713 501 785 εἶναι,
535 710 616 773 κατά
650 710 706 794 τήν
732 709 858 775 ἔκθεσιν
883 710 1015 777 ἑκάστου
1041 711 1136 797 παρά
1160 711 1201 775 τά

94 821 199 887 πολλοὶ
219 821 401 905 λαμβάνειν,
423 822 458 884 τὸ
480 823 516 883 ἕν
536 844 566 883 τι
580 823 711 883 ἕκαστον
724 825 892 906 πειρῶνταί
905 846 940 901 γε
953 823 1053 905 λέγειν
1067 828 1137 898 πῶς
1150 825 1201 886 καὶ

95 935 152 1018 διά
166 937 203 997 »τί
224 933 316 997 ἐστιν.
360 930 489 1015 Siquis
512 936 638 994 attente
660 930 851 1015 contulerit,
877 950 961 1018 quae
985 934 1070 998 bunc
1094 932 1200 997 locum

95 1044 243 1131 proxime
271 1043 485 1124 antecerlnnt,
514 1062 643 1105 omnem
673 1041 738 1105 vim
768 1042 951 1108 sententiae
979 1043 1010 1108 in
1041 1065 1082 1108 eo
1111 1042 1203 1109 cerni

96 1154 277 1238 intelliget,
310 1153 393 1238 qnod
421 1152 568 1216 irlearum
598 1158 748 1216 auctores
778 1155 971 1219 studuerunt
998 1155 1143 1239 probare
1170 1161 1204 1220 ct

17 1341 19 1344 Α
98 1265 333 1352 qnodrnnmotlo
368 1263 565 1347 probarunt,
600 1283 752 1327 numeros
785 1286 821 1328 re
854 1284 935 1329 vera
969 1286 1076 1345 essa;
1117 1263 1202 1330 idern

98 1377 199 1442 etiam
234 1397 253 1440 e
287 1372 444 1458 proximis
471 1373 582 1438 verbis
610 1380 749 1457 apparet
776 1372 815 1438 cri
843 1375 905 1460 μὴν
933 1373 1008 1438 ἀλλ’
1035 1374 1106 1439 ἐπεὶ
1133 1372 1205 1441 οὔτε

98 1487 257 1566 άναγκαῒα
279 1484 353 1549 οὔτε
374 1482 498 1548 δυνατά
519 1489 629 1559 ταῦτα,
651 1480 729 1549 οὐδὲ
749 1485 806 1549 τὸν
827 1484 969 1569 ἀριθμὸν
983 1485 1039 1550 διά
1053 1510 1090 1566 ra
1104 1491 1208 1551 ταῦτα

23 1604 26 1609 ’
100 1601 204 1663 εῖναι
226 1593 358 1658 λεκτέον.
400 1592 515 1678 ltaque
542 1592 575 1656 in
599 1614 638 1659 eo
661 1593 750 1678 loco,
778 1617 874 1681 quem
903 1618 1003 1681 snpra
1024 1596 1204 1679 posuimus,

102 1708 309 1773 scribcmlum
331 1703 460 1768 vitiatur
482 1708 549 1779 πῶς
570 1709 623 1768 καὶ
644 1704 700 1769 διά
722 1707 752 1768 τί
772 1703 894 1782 ἔστιν,
923 1706 984 1770 nisi
1008 1705 1204 1791 praetuleris

99 1841 158 1906 pro
183 1821 274 1881 ἕντι
301 1818 432 1878 ἕκαστον
460 1814 602 1880 scribere
630 1815 676 1880 ὄν
702 1839 732 1878 τι
758 1818 899 1882 ἕκαστον.
925 1852 969 1866 -
1000 1816 1073 1880 Non
1104 1814 1203 1880 multo

100 1932 227 2011 map’ore
260 1925 441 1990 mutatione
479 1927 685 1989 emendantia
717 1924 868 1991 videntur
903 1927 1003 1993 verba
1035 1926 1121 1990 κατά
1153 1926 1205 2012 τὴν

100 2041 227 2107 ἔκθεσιν
248 2036 379 2101 ἑκάστου
401 2035 488 2119 παρά
512 2034 552 2098 τά
574 2034 678 2099 πολλοὶ
698 2035 882 2118 λαμβάνειν,
904 2057 987 2121 qnae
1009 2036 1107 2101 sicuti
1123 2058 1204 2101 nunc

101 2150 296 2215 exhibentur
325 2145 457 2208 omnino
484 2145 627 2210 construi
651 2165 713 2207 non
738 2153 889 2228 possunt3
918 2147 1098 2213 infinitivus
1121 2151 1203 2216 enim

101 2261 277 2344 λαμβάνειν
299 2263 395 2342 aptus
418 2255 566 2340 protecto
589 2262 640 2319 est
663 2278 684 2319 a
711 2259 952 2341 praepositione
979 2261 1078 2344 κατά,
1113 2260 1203 2346 siqui·

103 2376 178 2438 dem
207 2368 295 2433 aliud
319 2389 383 2432 non
407 2374 457 2432 est
479 2386 540 2452 qno
563 2364 740 2447 reseratum
769 2366 818 2430 ita
840 2375 949 2432 autern
972 2369 1124 2456 articulo,
1146 2391 1202 2458 qno

103 2485 234 2564 atljeoto
273 2478 452 2543 infinitivus
491 2475 632 2540 nominis
666 2477 861 2542 substantivi
891 2486 1046 2544 naturam
1082 2482 1203 2563 induat,

103 2613 217 2661 carere
239 2611 303 2654 non
327 2609 508 2675 possumus.
553 2586 768 2653 scribendum
791 2588 892 2672 igitur
914 2591 1056 2655 arbitror
1070 2593 1155 2656 κατὰ
1168 2590 1203 2656 τὸ

103 2705 231 2770 ἔκθεσιν
251 2701 383 2766 ἑκάστου
404 2697 494 2783 παρά
515 2697 555 2764 τά
577 2697 682 2762 πολλοὶ
702 2698 886 2781 λαμβάνειν.
908 2700 928 2763 i.
952 2721 980 2766 ο.
1005 2699 1097 2786 ideo,
1126 2702 1203 2788 quorl

104 2817 253 2876 statuunt
280 2809 404 2873 ἔκθεσιν
429 2807 571 2888 cujusvis
599 2815 731 2893 praeter
758 2807 870 2871 multa.
915 2808 983 2875 Sed
997 2809 1122 2888 ἔκθεσις
1136 2813 1203 2900 quil

105 2921 268 3008 significet
300 2919 497 3002 interpretes
529 2917 625 2998 hujus
652 2916 714 2981 loci
742 2938 806 2980 non
839 2927 929 2984 recte
958 2921 1110 2987 videntur
1139 2944 1206 3007 pcr-

105 3035 265 3122 spoxisse‚
287 3032 371 3118 quorl
395 3028 618 3113 expositio,
643 3027 883 3114 explicatio,
905 3031 1096 3096 definitio
1112 3033 1205 3098 inter·

106 3151 293 3230 pretantur3
316 3162 400 3227 qnae
422 3139 549 3226 quidem
573 3139 767 3225 significatio
790 3139 831 3203 iis
854 3142 1148 3226 rnetapbysicorum
1164 3145 1205 3209 lo·

107 3253 166 3334 cia,
190 3252 302 3336 quibus
326 3251 448 3326 ἔκθεσις
471 3250 603 3335 legitur,
625 3251 757 3315 minime
779 3258 858 3336 apta
880 3260 941 3318 est.
986 3250 1143 3336 Optimus
1163 3254 1207 3319 sni

108 3363 271 3445 interpres
294 3361 363 3444 ipse
386 3359 583 3426 Aristoteles
605 3361 685 3447 erit,
707 3366 790 3448 quod
815 3361 893 3426 «licit
906 3369 954 3439 M,
969 3370 1000 3434 9.
1016 3386 1047 3448 ρ.
1062 3366 1207 3438 loaobt.

109 3472 140 3538 oi
163 3474 196 3538 δ’
220 3478 277 3553 (se.
302 3469 484 3554 philosophi
513 3471 691 3556 Platonici)
720 3470 763 3548 ὣς
789 3465 980 3552 άναγκαῒον,
1008 3475 1095 3558 εἴπερ
1123 3473 1210 3539 ὅσον·

108 3587 161 3645 ταί
188 3604 269 3657 τινες
296 3580 403 3645 οὐσίαι
430 3580 518 3665 παρά
545 3583 602 3657 τάς
629 3583 784 3667 αἰσθητάς
809 3587 862 3646 καὶ
888 3581 1035 3669 ῥεούσας,
1060 3584 1210 3670 χωριστὰς

110 3695 199 3766 εἶναι,
221 3691 323 3766 άλλας
343 3696 402 3773 μὲν
423 3689 480 3754 οὐκ
501 3694 599 3773 εἶχον,
626 3693 744 3765 ταύτας
772 3692 808 3757 δὲ
836 3694 892 3769 τάς
920 3691 1064 3756 καθόλου
1086 3694 1210 3778 λκγομέ·

110 3823 168 3878 νας
190 3802 394 3879 ἐξέθεσαν,
415 3801 494 3864 ὥστε
515 3803 698 3882 συμβαίνειν
719 3801 832 3882 σχεδὸν
851 3801 909 3877 τάς
923 3799 1024 3878 αὐτάς
1037 3805 1150 3887 φάσεις
1170 3806 1211 3867 ά-

92 3932 165 3988 ,ναι
192 3910 250 3986 τοὶς
277 3908 422 3973 καθόλου
449 3907 586 3982 καὶτὰς
613 3913 693 3972 καθ’
722 3913 861 3977 ἕκαστον.
906 3908 1094 3995 Usurpatur
1115 3913 1211 3997 igitur

112 4014 269 4086 ἐκτιθέναι
300 4027 335 4085 et
367 4017 490 4095 ἔκθεσις
520 4019 563 4089 tle
598 4017 744 4086 idearum
778 4019 965 4086 arrotoribus
992 4025 1109 4090 cadom
1143 4021 1210 4089 iere

489 4092 540 4177 m
