2602 4388
95 182 139 253 72

96 357 222 437 petest,
248 359 284 415 ut
312 353 354 413 ud
382 347 526 434 ἀλλήλων
546 354 647 424 αἴτια,
674 351 758 436 qnod
780 354 830 414 est
855 347 1098 435 praedicatum,
1127 349 1199 413 suh·

91 464 216 544 jcctmn
228 460 331 524 πολλοί
343 481 361 524 e
374 459 541 543 superiore
553 459 780 526 enunciationc
792 464 953 544 συμβαίνει
965 459 1000 523 δὲ
1014 496 1057 508 -
1071 449 1199 524 πολλοὶ

94 578 154 638 τοό
174 566 275 636 edred
302 575 389 634 αἴτια
411 573 492 633 εἶναι
513 578 691 656 repetatur.
736 569 802 635 Sed
825 593 920 657 quum
942 569 1137 636 Alexander
1159 571 1200 634 ad

95 683 191 758 Meu,
217 681 271 746 ubi
299 680 490 746 brevissime
518 703 588 744 rem
616 674 761 765 explicat
790 688 824 745 et
851 683 893 746 aul
916 682 988 765 ipsu
1009 680 1200 747 Aristotelis

94 793 196 860 verbu
218 792 365 878 proxime
388 791 524 875 accedit,
548 791 630 856 haec
652 792 787 857 habeat:
820 791 901 855 ἔστι
923 792 963 855 ἀὲ
984 797 1036 855 καὶ
1057 791 1200 878 ἀλλήλων

94 904 184 968 τυνά
211 909 297 969 αίτια
324 925 355 986 p.
385 903 540 986 undum,
575 902 782 969 verisimilius
814 910 903 967 certe
937 909 1004 987 est,
1039 902 1198 967 excidisse

95 1016 128 1079 in
152 1012 384 1098 metaphysicis
399 1011 457 1076 illu
473 1015 574 1079 verbu
596 1013 678 1077 ἔστι
700 1014 742 1077 δέ
762 1035 851 1077 τινα
872 1012 906 1076 in
928 1013 1085 1099 principie
1102 1035 1198 1078 enun·
1238 1032 1241 1041 ·

95 1126 182 1192 cinti.
203 1160 246 1172 -
267 1123 347 1191 Met.
371 1145 402 1209 p.
427 1126 584 1198 ldlsshld.
608 1123 676 1209 (Br.
699 1129 754 1208 88,
775 1125 842 1209 22.)
870 1123 938 1188 οἷον
963 1126 1019 1211 τήν
1041 1124 1200 1189 ἀπουσίαν

95 1242 154 1301 ucri
173 1237 362 1320 κυβερνήτου
385 1236 444 1319 (sc.
469 1236 657 1320 αἰτιώμεθα)
681 1240 733 1321 τῆς
755 1234 947 1321 ἀνατροπῆς,
975 1232 1016 1300 od
1034 1234 1075 1320 ἦν
1096 1234 1116 1322 ἧ
1138 1258 1199 1298 πα-

94 1351 206 1431 ρουσία
232 1349 318 1410 αἰτία
345 1351 399 1432 τῆς
426 1349 584 1430 σωτηρίας.
627 1345 726 1425 Phys
752 1353 899 1417 195a13.
936 1351 988 1431 τῆς
1009 1349 1067 1410 τοῦ
1087 1345 1199 1409 πλοίου

95 1455 284 1542 ἀνατροπῆς.
320 1455 365 1520 Et
378 1477 437 1540 per
459 1478 495 1520 sc
518 1458 690 1521 admodum
714 1457 827 1521 durum
850 1462 912 1541 cst,
935 1477 998 1519 non
1021 1454 1200 1539 significari

96 1589 169 1632 cnm
193 1589 281 1652 rem,
307 1569 399 1656 cujus
427 1566 480 1632 vel
503 1569 700 1632 evertendae
721 1566 774 1632 vel
796 1569 978 1632 servandae
1000 1567 1199 1652 gubernatur

95 1685 211 1743 auctor
231 1678 286 1763 sit,
308 1687 342 1743 et
364 1700 383 1743 ο
404 1677 546 1742 lectione
568 1679 663 1742 unius
680 1680 749 1743 eod.
766 1677 845 1743 Met.
862 1677 920 1742 Hb
942 1676 1126 1764 ἀνατροπῆς
1144 1680 1200 1741 τοί

93 1789 208 1873 πλοίου
234 1784 274 1854 οὗ
301 1796 441 1874 apparet
468 1788 669 1873 transposita
696 1789 777 1852 hacc
809 1787 968 1854 vocabula
1000 1792 1058 1853 τοό
1087 1788 1199 1852 πίοίου

92 1899 192 1964 facile
215 1898 330 1964 deinde
353 1899 499 1983 petuisse
520 1905 653 1984 propter
668 1899 932 1962 terminationem
955 1897 1198 1962 similitudinem

94 2010 256 2077 excidere.
300 2009 516 2076 Restituende
538 2011 636 2093 igitur
658 2032 676 2074 e
699 2008 841 2093 physicis
863 2008 1013 2073 videntur
1040 2010 1073 2072 in
1097 2014 1200 2073 metu·

93 2119 238 2206 physica.
260 2161 303 2172 -
325 2120 405 2188 Met.
428 2143 458 2206 p.
485 2122 650 2193 1013h17.
675 2122 745 2206 (m.
766 2125 821 2205 88,
842 2120 909 2204 25.)
949 2122 1079 2183 ἅπαντα
1102 2119 1140 2183 ἀὲ
1160 2116 1200 2183 τά

93 2236 154 2296 νῦν
175 2232 318 2317 εἰρημένα
340 2235 426 2296 αἴτια
448 2235 491 2308 εἷς
512 2237 660 2318 τέτταρας
679 2237 785 2296 πίπτει
806 2232 941 2315 τρόπους
962 2229 1036 2306 τούς
1055 2253 1201 2314 φανερω-

93 2344 216 2419 τάτους.
260 2340 299 2405 In
321 2342 464 2427 physicis
486 2366 515 2429 p,
542 2352 687 2416 195c15.
711 2343 809 2406 miror
830 2362 889 2424 pre
912 2342 1047 2425 τρόπους
1069 2362 1114 2405 ex
1138 2361 1201 2404 unc

95 2455 165 2519 cod.
182 2453 230 2537 Ε,
253 2475 349 2540 quum
366 2464 434 2519 tres
450 2455 580 2518 omniuo
603 2453 712 2520 collati
736 2453 812 2536 sint,
837 2452 867 2515 in
884 2458 1010 2516 textum
1028 2458 1201 2536 receptum

95 2585 170 2629 csse
196 2566 351 2642 τόπους.
395 2565 479 2629 Nam
508 2572 782 2630 commentatores
810 2564 844 2626 in
873 2570 964 2627 textu
990 2561 1200 2644 physicorum

93 2673 247 2738 hahuisse
272 2678 443 2760 τρόπους
471 2677 679 2741 manifestum
703 2682 766 2760 est,
788 2675 830 2741 cf.
847 2673 1009 2739 Themist.
1036 2673 1079 2735 ad
1102 2672 1197 2758 phys.

93 2805 126 2868 p.
152 2791 290 2856 350n33.
304 2808 370 2871 sqq.
388 2786 501 2869 Sirnpl.
529 2789 570 2851 ad
596 2787 687 2870 phys.
716 2809 746 2870 p.
770 2787 907 2858 35db17.
921 2805 988 2870 sqq.
1012 2789 1045 2847 et
1069 2781 1091 2852 f.
1111 2783 1202 2867 Ylb„

95 2916 135 2960 ac
155 2901 330 2979 practerea
350 2897 465 2981 τρόπος
487 2898 569 2960 ccicc
590 2896 743 2982 frequens
766 2904 817 2961 est
840 2905 874 2961 ct
894 2895 1049 2959 usitatum
1071 2891 1202 2959 Aristu-

94 3008 153 3074 teli
175 3009 230 3073 ubi
253 3008 401 3074 diversus
423 3008 569 3087 ejusdem
592 3007 732 3070 notionis
748 3005 1003 3090 significationes
1016 3006 1058 3068 ad
1074 3026 1203 3088 genere

94 3122 255 3206 quaedam
277 3117 410 3204 redigit,
432 3125 470 3182 ut
490 3118 633 3204 τρόπους,
655 3117 730 3184 licet
745 3119 851 3182 minus
865 3116 1075 3182 confirmetur
1089 3122 1203 3180 eucte-

95 3230 193 3294 ritatc
208 3230 364 3294 lihrcrum
381 3230 586 3314 scriptorum,
601 3229 658 3294 vix
673 3229 873 3295 dubitavcris
889 3230 929 3291 de
945 3228 1137 3307 conjectura
1152 3248 1203 3292 rc·

95 3338 241 3404 stituere.
279 3339 329 3405 of.
353 3363 395 3404 ex
418 3344 531 3406 eedem
554 3341 664 3425 capite
685 3341 859 3427 praecipue
875 3337 955 3403 Met.
977 3358 1007 3421 p·
1028 3340 1203 3410 lemene

93 3450 233 3533 τρόπον
255 3449 291 3512 ἀὲ
312 3454 375 3514 τόν
396 3451 504 3513 αίτίων
525 3442 656 3540 ἀριθμῷ
674 3458 732 3535 μέν
746 3453 804 3514 εἰσί
826 3447 945 3523 πολλοί,
967 3447 1204 3532 κεφαλαιούμε-

92 3579 144 3621 νοι
167 3558 204 3622 δέ
220 3559 292 3635 κτλ,
313 3566 338 3633 Ι,
356 3566 383 3629 l.
401 3580 430 3642 p.
449 3566 618 3633 ld52al7.
640 3562 820 3641 πλεοναχῶς
842 3559 878 3624 δὲ
892 3558 1061 3641 λεγομένου
1077 3556 1108 3622 οἳ
1126 3578 1204 3641 συγ-

92 3667 357 3753 κεφαλαιούμενοι
379 3671 519 3754 τρόπον
541 3672 598 3734 εἶσὶ
619 3674 767 3754 τέτταρες,
789 3676 823 3733 ct
839 3673 896 3733 ἕνα
907 3674 965 3752 μὲν
986 3670 1137 3753 τρόπον
1160 3707 1203 3720 ·-

93 3778 363 3864 ἄλλοντρόπον
389 3780 421 3843 in
444 3779 557 3866 quevis
579 3777 649 3843 feru
670 3779 777 3866 capite
798 3778 872 3845 lihri
894 3778 1005 3865 quinti.
1038 3813 1083 3825 -
1117 3778 1201 3846 diet.

93 3891 317 3972 p.1013h25.
342 3889 411 3972 (Βυ.
433 3896 488 3973 89,
511 3889 557 3974 d.)
601 3889 641 3953 τά
667 3890 699 3955 δ’
727 3892 811 3956 ἀλλα
840 3891 898 3972 (sc.
920 3889 1007 3952 αἴτιοί
1029 3889 1128 3973 ἐστιν)
1158 3887 1202 3968 ὦς

93 3996 129 4064 τό
157 4000 242 4078 τέλος
267 4006 320 4067 καὶ
346 4000 494 4082 τάγαθόν
519 4006 582 4067 τόν
608 4001 724 4069 ἀλλων.
767 4001 807 4067 In
830 3997 972 4086 physicis
992 4020 1024 4083 p.
1050 4007 1200 4074 msam
