2602 4388
102 186 146 251 eo

24 403 27 407 .
101 351 155 416 Ae
176 357 351 437 praeterea
378 354 413 412 et
439 369 480 412 ex
509 347 557 413 rei
584 355 703 413 natura
731 357 765 414 et
792 370 833 415 ex
863 349 1024 434 exemplis
1046 349 1205 437 deinceps

103 462 214 526 allatis
237 453 387 544 apparet,
410 460 471 522 due
494 459 662 542 distingui,
687 482 770 546 quae
793 459 956 525 nonnuliis
982 462 1015 524 in
1040 462 1203 528 rebusad

102 593 200 636 unum
224 571 372 655 idemque
400 569 556 635 recidant.
608 568 719 641 Quare
747 571 918 636 verissime
946 571 1204 638 Trendelcn·

103 681 270 776 burgius
292 680 323 744 in
347 701 388 745 ea
411 679 646 765 disputatione,
674 702 770 766 qnam
801 684 842 747 de
871 682 901 748 vi
929 682 1089 748 formulae
1116 683 1153 748 τὸ
1175 689 1204 748 τί

100 791 141 880 ἦν
161 796 241 871 εἶναι
255 791 396 876 scripsit,
418 791 638 876 recipiendam
653 792 819 878 praecepit
834 792 1006 859 lectionem
1022 795 1146 859 codicis
1160 793 1201 869 Ε,

102 905 152 969 cni
177 924 297 988 magna
317 901 427 987 utique
450 903 631 967 auctoritas
653 904 836 988 tribuenda,
864 904 900 969 τὸ
922 909 952 968 τί
971 905 1011 993 ῆν
1037 909 1201 970 εἶναικαὶ

102 1019 232 1079 ἕκαστον
265 1015 363 1096 „due
395 1013 432 1078 τὰ
464 1019 494 1078 τί
519 1012 558 1100 ἦν
586 1016 668 1077 εἶναι
693 1016 772 1078 und
794 1019 853 1078 στ’ττ
885 1018 1061 1081 einzelnen
1087 1020 1137 1081 ist
1161 1020 1201 1081 ἐπ

101 1122 450 1213 Rdckso‘chteo'mger
463 1125 636 1213 Begrc'ffe
646 1125 836 1190 desselbe·“
861 1127 993 1212 (Rhein.
1006 1128 1092 1194 Mus.
1107 1132 1198 1200 1828„

1 1258 3 1272 ¹
100 1243 131 1308 4.
160 1259 191 1321 p.
213 1237 302 1320 460.)
355 1235 575 1300 Confirmatur
604 1237 686 1301 baec
712 1240 898 1302 emendatio
926 1239 1199 1324 interpretatione

101 1347 297 1432 Alexandri,
309 1370 402 1434 quern
415 1352 469 1412 καί
479 1348 510 1409 in
524 1353 615 1411 textu
629 1346 779 1413 habuisse
795 1359 918 1414 certum
933 1358 994 1434 cst,
1006 1371 1104 1434 qumn
1116 1349 1199 1413 seri·

99 1461 156 1524 bat
179 1459 217 1526 οὗ
244 1462 345 1544 μόνον
372 1459 408 1522 δὲ
435 1461 506 1542 περὶ
532 1459 653 1522 τούτων
678 1463 807 1544 εἴρηται,
836 1459 903 1522 ἀλλ’
925 1461 974 1526 ὅτι
995 1466 1047 1524 καὶ
1069 1464 1199 1524 ἕκαστον

98 1575 164 1637 καὶ
185 1571 220 1636 τὸ
243 1573 272 1634 τί
291 1568 334 1657 ἦν
348 1571 434 1635 ἐἶναι
456 1547 558 1633 αὐτοῦ
577 1568 629 1633 ἐπί
649 1591 743 1633 τινων
764 1567 885 1635 ταύτόν
899 1569 983 1635 ἔστιν
996 1592 1027 1655 p.
1039 1576 1101 1642 761
1114 1572 1197 1650 b203

98 1680 307 1748 confirmatur
334 1683 448 1778 eadem
477 1679 517 1743 iis
538 1677 619 1742 locis
641 1679 770 1764 septimi
792 1681 865 1745 libri
889 1681 1199 1768 metaphysicorum,

98 1797 142 1859 ad
168 1815 247 1880 quos
276 1792 325 1856 his
346 1790 451 1876 ipsis,
478 1793 519 1854 de
546 1790 660 1874 quibus
683 1791 829 1875 agimus,
860 1790 969 1857 verbis
996 1790 1199 1857 Aristoteles

97 1904 237 1969 lectores
270 1888 434 1987 respicere
464 1902 568 1986 jubet.
616 1907 657 1976 Z,
683 1909 714 1973 6.
743 1926 774 1989 p.
807 1902 970 1974 1033al5.
998 1905 1136 1989 πότερον
1163 1902 1199 1966 dt

98 2014 216 2079 caristie
244 2013 327 2078 ἔστιν
353 2015 374 2100 ἢ
399 2013 561 2098 ἕτεροντὸ
589 2015 619 2075 τί
638 2010 678 2098 ἦν
699 2015 780 2076 εἶναι
801 2018 864 2076 καὶ
885 2016 1017 2077 ἕκαστον
1037 2017 1196 2080 σκεπτέον.

97 2124 173 2189 ibid.
188 2124 268 2195 blb.
292 2128 328 2189 ἓν
347 2128 400 2188 καὶ
420 2121 516 2187 ταύτὰ
537 2157 581 2170 -
602 2120 681 2188 αὐτὸ
703 2126 916 2187 ἕκαστονκαὶ
937 2123 972 2187 τὸ
994 2129 1023 2188 τί
1043 2123 1084 2211 ἧν
1106 2127 1196 2191 εἶναι.

99 2236 149 2302 of.
173 2235 248 2302 ibid.
271 2234 352 2308 1124.
374 2240 426 2304 26.
451 2255 481 2318 p.
507 2240 651 2306 rosana.
673 2271 717 2283 —
743 2231 780 2296 ln
809 2234 967 2317 proximis
992 2233 1103 2300 verbis
1132 2254 1196 2298 non

96 2347 315 2432 probaverim,
337 2346 421 2431 quod
442 2350 516 2428 post
538 2346 567 2407 ai
585 2347 689 2430 πρώτη
710 2343 792 2410 ἐστίν
813 2344 912 2429 plena
934 2346 1197 2432 interpunctione

97 2458 281 2524 distinctum
299 2463 366 2538 est3
387 2476 471 2542 qnae
487 2454 572 2520 enim
596 2455 713 2520 deinde
735 2462 912 2541 sequuntur
934 2457 995 2520 ὅσα
1017 2455 1050 2521 δ’
1073 2453 1118 2532 ὥς
1139 2455 1196 2540 ὕλη

95 2570 157 2634 κτλ.
181 2570 229 2633 ita
250 2575 326 2632 sunt
348 2567 445 2650 dicta,
466 2572 503 2629 ut
523 2587 596 2629 eum
619 2565 837 2650 superioribus
865 2587 962 2629 tinam
991 2562 1195 2652 eandemque

96 2679 239 2745 efficiant
262 2679 538 2756 enunciationern3
560 2677 785 2763 parenthetica
808 2687 930 2760 autem,
952 2682 987 2739 nt
1009 2677 1195 2761 explicetur

95 2789 183 2854 notio
210 2792 328 2874 πρώτη,
356 2787 581 2870 interpositum
609 2794 660 2851 est
686 2787 765 2867 λέγω
793 2787 829 2851 δὲ
855 2822 898 2835 -
925 2790 978 2849 καὶ
999 2785 1193 2877 ὑποκειμένῳ

94 2900 139 2978 ὦς
159 2900 234 2993 ὕλῃ,
263 2900 308 2963 nti
338 2897 468 2980 saepius
495 2898 536 2960 ab
566 2896 615 2959 his
641 2897 751 2962 verbis
771 2897 849 2977 λέγω
871 2896 909 2959 δέ
929 2897 1052 2962 orditur
1073 2917 1192 2982 paren·

94 3012 197 3077 thesis
230 3008 413 3095 explicandi
442 3007 550 3092 gratia
577 3007 710 3072 inserta.
767 3005 815 3071 Of.
839 3006 914 3074 Eth.
938 3007 1019 3073 Eud.
1044 3007 1077 3093 l,
1106 3012 1138 3078 4.
1162 3028 1191 3091 p.

96 3130 263 3194 1215a29.
287 3129 321 3186 et
343 3140 441 3205 supra
464 3140 495 3202 p.
518 3126 569 3190 31.
614 3109 772 3182 Ultimum
795 3124 904 3181 autern
928 3117 1023 3198 hujus
1049 3118 1115 3182 coli
1138 3139 1192 3182 vo·

93 3232 243 3297 cabulnm
269 3232 326 3316 atq
353 3230 418 3296 leni
447 3228 673 3295 emendatione
699 3228 821 3293 mutavi
847 3228 881 3293 in
901 3249 1012 3293 casnm
1033 3229 1196 3313 dativum,

93 3428 189 3488 gesngt
211 3418 296 3483 wird3
321 3425 349 3469 at
371 3416 562 3471 sententiarum
585 3418 668 3472 series
690 3414 820 3484 postulat,
844 3425 874 3468 ut
896 3415 946 3469 hoc
968 3416 1056 3485 petius
1079 3415 1191 3481 dicatur,

92 3503 226 3565 not-ionem
244 3499 443 3554 substantialem
462 3499 495 3568 (r.
513 3520 535 3553 r.
551 3523 575 3567 η.
591 3501 625 3568 ε.)
643 3502 801 3569 cujusque
819 3500 857 3552 rei
877 3500 903 3552 in
921 3518 952 3553 eo
971 3499 1053 3564 cerni,
1070 3501 1140 3570 quod
1159 3501 1191 3553 de

92 3602 122 3638 re
139 3585 196 3654 ipsa
213 3601 260 3653 per
271 3603 300 3636 se
312 3585 485 3654 praedicetur,
503 3583 546 3637 vol
559 3586 637 3637 nteit
651 3583 807 3637 Besserion:
826 3584 887 3637 illud
904 3594 952 3648 est,
976 3585 1044 3654 quod
1058 3584 1120 3654 quid
1133 3595 1192 3637 erat

93 3686 152 3722 esse
170 3671 383 3738 unumquodque,
408 3669 476 3738 qnod
498 3669 641 3721 secundum
665 3685 694 3721 se
713 3666 816 3720 dicitur.
855 3666 974 3737 Namque
997 3670 1122 3739 deinceps
1140 3669 1191 3723 huc

93 3751 213 3821 exemplo
232 3753 391 3804 Aristoteles
409 3770 465 3804 rem
488 3751 603 3803 illustrat
624 3752 655 3804 οὐ
676 3753 730 3825 γάρ
750 3754 802 3804 ἔστι
822 3751 850 3805 τὸ
871 3752 912 3804 σοὶ
934 3754 1000 3804 εἶναι
1022 3751 1051 3804 τὸ
1070 3754 1192 3824 μουσικῷ

92 3838 169 3888 εἶναι·
187 3837 218 3890 σύ
234 3834 288 3910 γὰρ
305 3834 370 3888 κατὰ
388 3834 481 3888 σαυτὸν
497 3837 521 3887 si
534 3836 663 3905 μουσικός.
699 3834 742 3887 cf.
759 3836 846 3889 Schol.
865 3853 889 3906 p.
907 3839 1025 3890 rusam.
1043 3854 1101 3907 sqq.
1137 3837 1190 3889 lta-

93 3936 143 3987 que
160 3920 324 3974 seribendum
343 3932 384 3973 est
401 3918 438 3971 ὅτι
455 3916 549 3971 ἔστιτὸ
567 3920 592 3969 π’
608 3912 639 3984 ἦν
654 3920 721 3972 εἶναι
737 3920 860 3989 ἑκάστῳ
886 3917 901 3970 ὃ
918 3920 1017 3988 λέγεται
1033 3922 1097 3974 καθ’
1115 3921 1188 3976 αὑτό.

94 4002 191 4058 Eadem
207 4006 289 4061 rerba
305 4003 333 4059 τὸ
345 3998 418 4071 otiu
432 4006 500 4060 εἶναι
515 4002 612 4076 ἑκάστῳ
629 4003 753 4072 leguntur
769 4009 799 4069 Δ,
817 4006 857 4058 17.
875 4018 901 4072 p.
919 4007 1036 4058 102229.
1152 3995 1154 4001 ’
