2602 4388
1156 179 1200 248 87

100 359 169 401 esse
190 337 336 421 colligat,
360 338 452 402 siculi
476 339 584 424 paullo
606 349 684 403 ante
707 341 856 404 sirrriliter
876 350 1138 429 argumentatur:
1172 348 1202 410 εἰ

97 450 131 513 δὲ
162 448 205 533 με)
237 447 368 532 ὑπάρχει
400 448 418 535 ἢ
445 452 635 534 κατάφασις,
666 452 686 535 ἥ
712 476 747 531 γε
779 451 940 537 ἀπόφασις
971 454 1104 541 ὑπάρξει
1135 456 1197 521 κτλ.

94 582 125 645 p.
156 561 326 636 1007b34.
376 559 473 624 llauc
499 568 609 624 antem
639 563 855 646 seutentiam,
889 585 984 648 qutun
1013 565 1062 629 nis
1090 566 1197 631 verbis

95 672 204 735 inesse
228 676 373 754 oportet,
404 671 593 735 habebimus
622 680 679 736 aut
708 684 784 737 ante
809 676 941 756 βέβαιόν
962 699 991 738 τι
1011 683 1063 738 καὶ
1083 680 1195 761 γνώρι-

92 804 156 864 μον
179 783 301 844 inserto
324 789 376 846 ael
397 784 432 846 τό
454 786 543 858 εἶναι,
564 787 648 869 quod
673 792 804 870 propter
826 785 1067 849 siruilitudiuem
1092 787 1197 850 omitti
1254 791 1256 797 '

94 890 192 956 facile
214 893 368 977 potuerit,
391 901 447 957 aaut
470 895 592 958 omissa
613 895 777 980 particula
797 899 857 981 γάρ
880 905 953 982 post
974 901 1198 980 γνωριμωτέρα,

94 1009 129 1064 ut
152 1023 174 1065 a
195 1008 411 1089 γνωριμωτέρα
441 1005 587 1067 ordiatur
616 1005 778 1087 apodosis.
824 1005 865 1071 Et
891 1007 975 1071 harre
996 1005 1122 1090 quidem
1146 1026 1198 1068 ra·

92 1111 217 1176 tionem
248 1121 282 1177 nt
311 1113 535 1197 praeferamus
562 1121 595 1178 et
624 1135 662 1178 eo
691 1137 873 1199 movemur,
907 1119 990 1202 quod
1017 1116 1197 1200 optativum

92 1243 167 1287 cnm
189 1223 351 1307 particula
382 1224 425 1287 ἄν
458 1224 718 1310 frequentissime
746 1226 944 1292 Aristoteles
977 1234 1111 1311 usurpat
1144 1225 1197 1289 ubi

92 1333 169 1418 quid
197 1356 241 1398 ex
267 1333 406 1398 aliorum
434 1335 562 1419 placitis
584 1337 710 1420 colligit
738 1337 793 1423 (el.
816 1362 847 1425 p.
869 1346 956 1423 d2.)‚
986 1344 1019 1402 et
1040 1341 1123 1424 quod
1149 1339 1198 1401 ita

91 1445 240 1510 codicum
274 1452 307 1508 et
340 1445 532 1510 scholiorum
567 1446 755 1512 auctoritati
790 1451 1062 1535 obtemperamus.
1112 1428 1196 1513 Nam
1237 1522 1239 1526 ρ

92 1563 230 1642 praeter
252 1578 349 1619 uurrru
371 1559 442 1620 eod.
458 1557 512 1621 Aa
533 1580 646 1623 omnes
662 1560 852 1643 particulam
875 1563 935 1645 γάρ
957 1561 1119 1644 omittunt,
1144 1583 1197 1626 ue·

93 1689 159 1753 que
174 1666 401 1730 Alexandrum
420 1690 492 1731 eam
509 1670 541 1732 iu
564 1678 655 1734 textu
680 1671 832 1736 habuisse
847 1672 920 1734 inde
936 1676 1088 1753 apparet,
1113 1673 1198 1754 quod

93 1778 332 1863 interpretatur
360 1782 389 1841 εἰ
414 1779 449 1842 τό
476 1781 517 1865 μὴ
545 1784 626 1845 εἶναι
649 1786 702 1844 καὶ
722 1780 741 1868 ἦ
764 1780 925 1867 ἀπόφασις
945 1782 1075 1864 βέβαιόν
1096 1805 1126 1844 τι
1146 1786 1198 1844 καὶ

93 1890 252 1974 γνώριμον
272 1894 324 1952 καὶ
344 1890 554 1975 καταληπτόν,
582 1899 854 1979 γνωριμωτέρα
875 1895 900 1955 οἳ
906 1915 925 1957 ν
946 1897 1004 1977 εἴη
1024 1888 1043 1978 ἦ
1066 1891 1198 1956 ἀντικει-

92 2003 173 2083 μόνη
194 2002 290 2084 φάσις
310 2005 346 2091 τῇ
367 1998 536 2085 ἀποφάσει,
558 2007 714 2066 τουτέστιν
734 2001 753 2089 ἦ
775 2006 960 2088 κατάφασις.
994 2026 1024 2088 p.
1047 2004 1199 2076 66311211.

94 2109 311 2175 Scribendum
335 2110 452 2194 igitur,
481 2111 574 2175 sicuti
598 2120 674 2177 ante
697 2115 819 2180 Braml.
843 2122 876 2178 et
899 2113 1003 2180 neta.
1026 2116 1058 2179 iu
1083 2116 1197 2180 editio-

94 2221 192 2285 nibus
215 2221 447 2304 exhibebatur,
472 2223 628 2286 unledai
649 2224 690 2309 μὴ
712 2227 793 2288 εἶναι
813 2229 943 2308 βέβαιόν
964 2250 993 2289 τι
1015 2232 1067 2289 καὶ
1087 2228 1199 2310 γνώρι-

94 2353 174 2416 μον,
200 2336 416 2416 γνωριμωτέρα
443 2333 485 2395 ἂν
505 2335 549 2417 εἴη
570 2326 590 2418 ἦ
612 2336 707 2418 φάσις
727 2332 745 2420 ἦ
769 2333 973 2421 ἀντικειμένη,
1000 2336 1084 2419 quod
1110 2342 1198 2399 recte

96 2443 262 2528 expressit
286 2442 476 2506 Bessariom
501 2446 628 2528 quodsi
647 2447 761 2527 ipsam
783 2466 854 2508 ιιοιι
869 2467 940 2507 τετε
954 2458 1086 2510 certum
1109 2448 1202 2532 quid

96 2565 130 2618 et
152 2566 271 2618 αοιιιαι
294 2567 356 2638 eat,
378 2557 497 2617 laetior
518 2558 590 2618 erit
611 2560 768 2640 opposite
789 2558 999 2640 affirmatio.

184 2665 225 2728 lu
254 2669 368 2730 eadem
397 2666 699 2756 argumentatione,
729 2688 792 2752 qua
821 2667 950 2750 copiose
980 2677 1016 2733 et
1037 2667 1201 2733 subtiliter

95 2784 214 2841 eontra
245 2768 451 2841 aduersarios
485 2777 919 2861 principiicontradictionis
953 2780 1113 2863 disputat,
1150 2780 1199 2844 in-

96 2887 325 2972 dignabundus
341 2888 476 2972 (lenique
492 2887 689 2954 Aristoteles
707 2890 786 2954 hirec
802 2891 878 2954 dicit
899 2895 931 2965 Γ,
945 2895 976 2961 4.
996 2914 1024 2975 p.
1043 2891 1200 2962 lllllell.

97 2999 169 3079 (Br.
191 3004 246 3080 75,
268 2997 312 3080 3.)
336 3000 364 3061 εἰ
384 2997 420 3060 δὲ
440 3004 542 3083 μηθὲν
562 2999 780 3084 ὑπολαμβάνει
807 3003 864 3083 (sc.
889 3001 933 3084 is,
955 3002 1007 3086 qui
1030 3001 1200 3082 negaverit

97 3108 291 3194 principium
322 3107 401 3172 illud
428 3109 660 3192 certissimum)
698 3110 772 3173 ἀλλ’
799 3110 914 3194 ὁμοίως
942 3114 1040 3173 οἴεται
1067 3115 1119 3172 καὶ
1145 3107 1202 3174 οὐκ

96 3224 207 3294 οἴεται,
228 3224 257 3282 τί
277 3220 320 3283 ἄν
342 3218 555 3304 διαφερόντως
576 3218 642 3300 ἔχοι
661 3224 723 3281 τόν
744 3222 981 3304 πεφυκότων.
1015 3218 1058 3282 Et
1081 3217 1201 3282 Bessa-

98 3332 171 3394 riou
194 3337 226 3393 et
251 3329 553 3412 [lengsteubergius
575 3331 737 3414 πεφυκότα
752 3329 984 3394 intellexerunt
1004 3333 1044 3395 de
1067 3329 1201 3416 plantis,

98 3463 161 3507 neo
183 3462 264 3505 sane
287 3439 352 3503 ulia
374 3442 414 3504 de
441 3462 477 3506 rc
505 3441 565 3504 hoc
592 3439 662 3505 loco
690 3441 826 3524 eogitari
849 3449 966 3526 potest.
1010 3440 1077 3503 Sed
1098 3462 1202 3524 πεφυ-

97 3554 153 3629 κός
173 3554 260 3636 upud
275 3549 484 3615 Aristotelem
503 3551 633 3638 ultique,
656 3553 738 3634 quod
754 3551 868 3636 sciam,
892 3550 1055 3636 siguificat
1069 3551 1102 3614 id
1117 3551 1200 3636 quod

98 3672 221 3727 natura
247 3660 436 3747 paralitateru
463 3664 625 3746 quandam
655 3670 688 3724 et
715 3662 779 3726 vim
809 3662 922 3746 habet,
955 3684 1019 3725 nou
1047 3661 1201 3747 plantam.

98 3773 294 3838 Alexander
316 3773 343 3834 si
371 3771 403 3834 ia
429 3779 521 3834 textu
549 3773 716 3838 habuisset
737 3778 799 3837 τῶν
820 3775 1013 3857 πεφυκότων,
1035 3793 1098 3836 nou
1122 3771 1200 3833 oud·

101 3884 202 3948 sisset
229 3887 406 3965 aduotare,
439 3903 523 3967 (pirae
557 3891 606 3945 cst
641 3885 713 3964 ejus
740 3884 772 3946 iu
801 3884 991 3967 explicando
1020 3881 1202 3965 diligentia,

103 3995 172 4061 alia
199 3994 232 4061 vi
256 3994 287 4060 id
319 3993 509 4060 vocabulum
542 3989 606 4056 lroo
638 3991 707 4058 loco
735 3995 902 4080 usurpari,
935 4016 975 4059 ac
1002 3993 1200 4080 plerumque.
