2602 4388
1131 213 1176 283 77

11 365 30 445 s
81 375 176 459 limus,
199 372 396 439 Aristoteles
418 373 608 440 Platonicos
630 373 710 440 nibil
734 373 820 439 aliurl
843 399 939 464 qnam
962 380 1080 465 nugari
1099 381 1176 448 licit

14 475 33 496 “”
79 494 105 550 ct
128 485 332 570 metaphoris
359 486 495 572 poeticis
524 486 642 569 abuti,
663 488 747 572 qnod
776 484 864 550 ideas
890 492 981 573 quasi
1012 496 1174 579 quaedam

24 586 31 598 ’
77 597 273 683 exemplaria
301 619 374 662 esse
403 604 565 683 statuant,
599 619 733 685 quorum
762 600 804 662 ad
839 599 1082 668 similitudinem
1118 620 1174 671 ras

75 709 252 794 singulares
275 708 384 773 sactae
407 709 481 773 sint.
508 713 551 773 τί
571 712 632 797 γάρ
654 709 717 774 ἐστι
731 709 766 773 τὸ
789 709 995 795 ἐργαζόμενον
1016 716 1094 796 πρὸς
1115 718 1174 795 τοὶς

10 902 12 918 Ι
71 820 154 898 ἰδέας
181 819 376 902 ἃποβλέπονς
413 820 570 903 ἐνδέχεταί
596 844 629 884 τι
657 825 709 885 καὶ
736 824 899 900 γίγνεσθαι
927 810 1034 887 ὃτιοῦν
1058 832 1110 888 καὶ
1130 828 1173 914 μὴ

70 929 277 1012 εἰκαζόμενον,
306 933 383 996 ὥστε
409 935 462 993 καὶ
489 932 581 1006 ὄντος
601 933 785 1016 Σωκράτους
809 932 923 1017 καὶμὴ
944 932 1036 1009 ὄντος
1057 939 1173 1014 γένοιτ,

68 1045 107 1106 ἂν
130 1039 201 1104 οἷον
213 1043 386 1126 Σωκράτης.
424 1040 476 1104 Ex
500 1040 570 1125 ipso
593 1040 776 1106 sententiae
798 1063 885 1106 nexu
907 1051 942 1107 et
963 1046 1105 1110 maxime
1128 1069 1171 1111 ex

10 1180 13 1195 ·
67 1151 218 1237 exemplo
241 1172 393 1236 quierem
417 1151 571 1236 illustrat,
593 1171 691 1236 posse
713 1150 853 1236 aliquem
877 1175 950 1218 esse
972 1155 1072 1220 talem
1094 1178 1172 1242 qua.

65 1264 105 1328 lis
128 1261 297 1346 Socrates,
320 1263 389 1327 sive
412 1263 454 1327 sit
477 1261 545 1347 ipse
568 1262 722 1326 Socrates
745 1263 813 1326 sive
835 1284 899 1327 non
922 1267 982 1346 sit,
1010 1268 1172 1336 excidisse

65 1374 185 1460 aliquid
209 1381 349 1457 apparat
371 1374 404 1437 in
434 1373 541 1439 verbis
569 1373 789 1458 superioribus
811 1373 967 1456 ἐνδέχεται
988 1413 1031 1424 -
1053 1379 1172 1454 εἰκαζό-

63 1507 170 1569 μενον.
214 1483 288 1548 Dici
312 1486 398 1550 enim
421 1491 565 1570 oportet=
598 1483 666 1549 lieri
696 1490 861 1570 potestat
888 1485 1007 1573 aliquid
1035 1490 1170 1556 simile

63 1596 106 1659 sit
127 1595 225 1659 alteri
248 1596 312 1680 rei,
341 1596 418 1660 licet
446 1618 510 1660 non
538 1599 580 1661 ml
609 1599 681 1677 ejus
709 1595 950 1661 similitudinem
972 1597 1092 1686 factum
1117 1603 1169 1668 sit.

64 1707 159 1779 Quod
187 1706 292 1791 ipsum
322 1729 417 1793 qrrum
446 1707 577 1791 legatur
608 1707 688 1772 libro
722 1704 825 1790 primo
860 1708 998 1790 ὅμοιον
1030 1704 1172 1775 ὁτιοῦν

60 1823 104 1894 A,
127 1825 158 1888 a.
188 1840 218 1902 p.
241 1824 397 1902 uolam,
431 1826 465 1884 et
497 1840 592 1904 quum
627 1821 738 1902 ὅμοων
765 1825 897 1904 proptor
926 1818 1168 1887 similitudinem

60 1928 203 2012 proximi
237 1930 384 1996 vocabuli
413 1927 510 1992 facile
534 1928 701 1994 obliterari
724 1929 885 2013 potuerit,
914 1951 978 1993 non
1008 1931 1170 1999 dubitabi-

61 2061 137 2104 mus
164 2041 277 2124 ὅμοιον
304 2041 394 2105 illino
427 2039 489 2104 huc
520 2039 619 2104 etiam
649 2040 839 2106 transferre.
894 2038 960 2103 Pro
989 2041 1057 2108 οἷον
1084 2044 1168 2112 libro

60 2151 169 2236 primo
193 2174 223 2235 p.
245 2160 395 2224 091a26.
418 2151 538 2235 legitur
560 2151 690 2236 οἷόςπερ,
713 2154 822 2236 aptius
843 2153 1002 2239 profecto,
1026 2163 1059 2220 et
1083 2159 1167 2224 hand

62 2262 130 2326 scio
153 2283 197 2326 an
221 2261 284 2326 boc
306 2263 376 2326 loco
400 2261 464 2338 οἷος
486 2270 576 2327 certe
598 2263 831 2327 restituendum
856 2265 907 2330 sit.
929 2301 973 2312 —
993 2265 1072 2330 alam
1088 2291 1168 2334 vero

61 2373 112 2436 bis
134 2373 244 2438 verbis
267 2371 464 2437 Aristoteles
487 2374 595 2458 pergit
617 2372 730 2457 ὁμοίως
753 2374 788 2438 δὲ
811 2374 908 2460 δῆλον
930 2378 978 2441 ὅτι
998 2379 1060 2442 κᾶν
1082 2377 1169 2464 εἴηὸ

60 2486 225 2570 Σωκράτης
257 2484 375 2561 ἀΐδιος,
407 2482 494 2548 ἔσται
526 2509 559 2549 τε
586 2485 682 2549 πλείω
702 2485 944 2570 παραδείγματα
971 2493 1029 2552 τοῦ
1056 2487 1165 2565 αὐτοῦ,

60 2597 140 2660 ὥστε
160 2600 213 2658 καὶ
234 2595 309 2678 εἴδη,
332 2592 400 2658 οἷον
420 2598 478 2660 τοῦ
492 2594 667 2680 ἀνθρώπου
681 2595 716 2658 τὸ
740 2594 818 2682 ζῷον
831 2600 883 2659 καὶ
898 2596 934 2660 τό
951 2598 1073 2675 δίπουν,
1096 2601 1165 2683 ἅμα

60 2705 99 2768 δῦ
126 2710 180 2769 καὶ
208 2703 468 2791 αὐτοάνθρωπος.
523 2704 680 2769 Dedimus
712 2705 796 2769 baec
828 2707 930 2771 verba
964 2710 1058 2775 sicuti
1092 2710 1165 2779 libr.

60 2814 160 2882 Xlll.
188 2818 385 2881 exhibentur
414 2839 444 2901 p.
471 2819 636 2889 1079b30.
655 2817 735 2902 tm.
757 2826 840 2901 269,
867 2822 928 2901 9.)3
966 2815 1062 2898 primi
1090 2813 1166 2879 libri

60 2926 224 3011 scriptura
252 2951 282 3013 p.
311 2935 475 3012 991326,
496 2928 536 2992 <si
572 2929 749 2994 omittimus
782 2930 952 2994 articulum
985 2927 1053 2991 illic
1087 2932 1164 2989 ante

57 3036 315 3124 αὐτοάνθρωπος
346 3039 504 3122 positum,
544 3061 583 3104 eo
618 3042 793 3126 praecipue
826 3041 952 3124 differt,
986 3039 1070 3122 quood
1105 3056 1163 3120 pro

55 3151 122 3212 ιιᾶν
143 3152 190 3234 aa
213 3151 368 3234 scriptum
398 3155 449 3212 est
475 3151 537 3213 κοῖν
558 3151 587 3212 el
605 3148 653 3234 ἦν.
697 3150 764 3214 Sea
786 3158 893 3213 utram
912 3148 1094 3214 ‘lectionem
1112 3145 1164 3210 al-

57 3260 124 3324 teri
145 3260 354 3345 praetuleris,
378 3258 467 3322 nullo
490 3263 584 3324 molo
608 3259 749 3325 inveniri
770 3261 902 3346 poterit,
925 3261 1083 3347 quomorlo
1100 3260 1165 3345 pri-

57 3391 120 3434 ora
146 3370 249 3436 verba
276 3370 390 3453 ὁμοίως
416 3408 459 3420 -
487 3367 592 3446 ἆΐδιος
619 3378 652 3434 et
679 3372 860 3455 posteriora
888 3371 1039 3437 ἔσται-
1067 3370 1165 3434 αὖτο-

58 3481 232 3565 άνθρωπος
265 3480 350 3544 inter
386 3503 422 3546 so
455 3483 663 3547 cohaereant.
717 3481 800 3546 Nam
833 3484 927 3568 plura
960 3480 1163 3565 cxcrnplaria

57 3592 206 3672 ejusdem
229 3590 278 3654 rei
301 3596 444 3656 statuere
467 3594 612 3658 idearum
636 3600 786 3658 auctores
808 3616 847 3658 eo
871 3593 1056 3677 adiguntur,
1078 3593 1162 3678 quod

56 3700 210 3766 notiones
236 3699 441 3765 universales
468 3709 631 3791 tamquam
662 3725 716 3769 res
744 3705 928 3789 singulares
951 3705 1100 3768 absolute
1122 3724 1162 3766 ac

57 3834 120 3896 per
142 3835 179 3877 se
202 3834 275 3877 esse
296 3819 443 3894 censent,
467 3835 570 3898 neque
592 3838 670 3881 vero
692 3819 775 3900 quoti
798 3817 838 3880 iis
861 3817 1090 3882 aeternitatem
1105 3812 1163 3876 tri-

58 3921 172 3986 buunt.
216 3921 457 4008 Exenrplarimu
482 3926 627 4005 ejusrlem
656 3926 704 3990 rei
727 3926 896 3993 multitudo
924 3925 1002 3991 nibil
1029 3923 1161 3988 omnino

58 4033 204 4117 pertinet
224 4037 266 4098 arl
288 4033 434 4100 idearum
449 4034 690 4122 aeternitatem,
711 4059 815 4124 neque
829 4038 936 4122 magis
952 4037 1055 4103 verba
1073 4035 1184 4127 ἔσταιι
