2602 4388
95 215 157 281 120

93 378 193 444 xlmis
214 375 323 443 verbis
345 373 410 460 ἄρα
428 375 494 440 ἔστι
514 382 543 442 τί
563 374 603 464 ἤν
622 376 695 453 κτλ,
715 371 932 459 grammatica
953 373 1072 458 altera,
1095 373 1204 445 altera

94 486 330 575 philosophica.
372 485 469 551 Licet
495 486 582 552 enim
612 485 775 552 scribendi
797 483 994 571 elegantiam
1017 505 1084 549 non
1106 505 1205 571 quac·

95 598 212 665 siveris
234 597 266 660 in
290 595 483 662 Aristotelis
504 596 756 682 metaphysicis,
785 595 866 661 illud
888 602 999 660 tamen
1021 594 1079 661 vix
1102 594 1205 681 feras,

87 709 179 794 *qnod
201 706 292 771 nulla
314 706 446 771 omnino
468 705 630 792 particula
652 705 870 790 significatum
893 713 970 791 est,
988 726 1052 791 qna
1073 705 1203 771 ratione

96 818 179 882 haec
200 817 349 905 quaestio
371 818 413 880 ad
443 817 627 882 universum
656 817 894 882 sententiarum
919 823 1110 882 contextum
1132 838 1203 901 pcr-

96 927 212 994 tincat.
266 926 319 992 Ao
351 947 393 990 ne
429 925 508 990 iilud
542 926 671 1012 quidem
706 927 840 1011 dicitur,
874 929 960 1012 quod
988 934 1059 992 erat
1095 927 1202 992 dioen-

98 1039 191 1119 dum3
220 1058 298 1101 narn
320 1058 384 1100 non
407 1036 439 1100 id
462 1038 591 1121 quaerit
613 1037 812 1103 Aristotcles
833 1044 940 1102 utrum
963 1036 1096 1101 omnino
1118 1037 1204 1103 exsi-

99 1154 165 1241 atat
187 1147 277 1211 notio
306 1146 532 1210 substantialis
559 1142 682 1232 neone,
710 1150 767 1213 scd
795 1155 903 1215 utrum
931 1149 973 1213 ad
999 1168 1055 1214 res
1075 1168 1205 1232 compo-

99 1257 181 1322 sitas
204 1258 318 1322 cadem
343 1258 507 1341 pertineat
530 1279 572 1321 au
601 1255 695 1321 unice
722 1258 766 1321 ad
794 1257 1012 1340 substantias,
1046 1255 1114 1341 ἆρα
1141 1262 1206 1323 τοῦ

100 1363 271 1448 ἱματίου,
293 1371 520 1432 accommodet
541 1371 748 1444 συνθέτου,
771 1367 854 1431 ἐστὶν
875 1364 1002 1452 ὁρισμὸς
1022 1365 1118 1454 ἢούκ
1131 1367 1206 1448 ἔστι,

99 1482 136 1539 nt
168 1483 259 1541 rccte
286 1475 461 1561 Asclepius
493 1476 729 1561 interpretatur
755 1500 787 1566 p.
815 1476 976 1549 743b44.
1027 1475 1205 1564 Utramque

102 1583 326 1650 difficultatem
349 1582 505 1651 facillime
528 1607 697 1654 removere
719 1571 797 1651 milri
820 1587 933 1652 videor
956 1586 1064 1652 delato
1086 1595 1207 1674 puncto

103 1703 181 1762 ante
214 1695 296 1783 ἄρα,
325 1709 362 1761 ut
385 1719 468 1762 nova
492 1697 678 1762 enunciatio
707 1696 748 1761 alr
777 1695 861 1761 ἄλλα
888 1696 1051 1783 ordiatur,
1085 1705 1122 1763 ct
1152 1719 1206 1783 pro

101 1807 302 1873 nominativo
324 1806 361 1872 τὰ
385 1805 496 1896 ἱματίῳ
517 1813 650 1890 recepto
672 1807 782 1872 dativo
804 1812 848 1897 τῷ
869 1805 981 1897 ἱματίῳ
1000 1811 1091 1883 εἶναι,
1114 1830 1208 1894 quem

102 1916 230 2003 quidem
254 1938 378 2001 casum,
401 1937 422 1979 a
443 1914 600 1980 Bckkero
627 1916 660 1979 in
685 1916 835 1982 lectionis
860 1918 1024 1984 varietata
1050 1940 1070 1984 a
1093 1919 1209 1985 codici·

102 2024 166 2088 bus
185 2047 249 2088 non
273 2032 452 2110 enotatum,
473 2026 507 2090 in
524 2025 746 2109 Sylbnrgiana
761 2032 874 2092 tamen
900 2028 1044 2093 editione
1068 2029 1209 2115 reperio.

103 2133 286 2199 Praeterea
306 2137 391 2220 quod
414 2137 566 2200 scribitur
594 2135 631 2200 τὸ
657 2139 687 2199 τί
711 2134 751 2224 ἦν
772 2137 873 2200 circu
898 2137 997 2226 λευκῷ
1018 2139 1134 2223 εἶναι,
1157 2161 1210 2209 ne·

104 2243 249 2310 cessario
272 2243 413 2326 alterum
437 2248 520 2310 ciem
542 2245 754 2311 omittendum
782 2253 848 2328 est,
878 2267 918 2310 ac
943 2247 1054 2332 priore
1081 2249 1209 2335 quidem

105 2355 176 2420 loco
198 2359 228 2420 τί
247 2353 287 2441 ἦν
309 2359 413 2421 εἶναι
433 2356 532 2445 λευκῷ
554 2355 632 2420 iliud
656 2356 871 2421 omittendum
900 2379 974 2421 esse
1000 2358 1210 2424 verisimilius

108 2473 171 2549 est,
193 2487 289 2551 quum
313 2473 447 2552 propter
469 2464 674 2551 frequentem
697 2489 790 2530 usum
812 2465 975 2531 formulae
997 2468 1034 2533 τὰ
1055 2473 1087 2534 τί
1106 2469 1149 2556 ἦν
1169 2472 1212 2535 ai·

106 2597 161 2641 κατ
176 2573 273 2643 facile
297 2575 339 2640 tui
363 2597 385 2639 a
407 2575 550 2639 librariis
572 2577 670 2656 adjici
693 2576 844 2661 potuerit.
890 2575 942 2641 Ac
957 2577 1077 2644 deinde
1091 2580 1125 2645 in
1141 2601 1210 2647 vcr-

108 2683 159 2747 bis
187 2684 253 2769 ἆρα
279 2685 344 2751 ἔστι
365 2688 395 2750 τί
414 2684 455 2771 ῆν
477 2688 558 2750 εἶναί
578 2712 607 2750 τι
628 2689 648 2773 ἢ
669 2687 750 2763 ὅλας
769 2689 791 2774 ἢ
812 2687 854 2752 cd
874 2687 949 2774 quid
972 2688 1004 2751 in
1027 2688 1210 2776 interroga·

107 2792 197 2857 tionc
225 2793 268 2856 ab
295 2793 360 2880 ἆρα
388 2795 536 2860 ordiente
564 2797 726 2880 particula
752 2798 773 2883 ἧ
802 2797 850 2875 bis
872 2797 980 2881 posita
1001 2797 1125 2864 faciam
1148 2822 1210 2865 non

107 2902 213 2988 video,
235 2923 297 2969 neo
318 2903 532 2969 dubitaverim
558 2907 699 2989 priorem
716 2927 915 2992 expungere,
939 2907 1014 2973 licet
1035 2930 1111 2974 carn
1128 2932 1212 2978 corn-

108 3013 290 3081 rncntarius
317 3011 498 3077 Alexandri
527 3014 611 3078 tucri
640 3014 791 3080 videatur
819 3038 850 3100 p.
877 3020 1005 3088 mal.
1055 3017 1125 3086 Sed
1153 3044 1212 3088 nec

83 3125 259 3208 ,proxima
281 3125 381 3189 verba
404 3124 555 3190 videntur
577 3125 707 3209 integra
730 3149 804 3190 esse
826 3129 904 3211 ὅπερ
925 3129 986 3213 γάρ
1013 3152 1043 3192 τι
1069 3128 1114 3224 ἢν
1133 3134 1214 3197 εἶναι

108 3231 230 3302 ἔστιτὸ
252 3237 282 3299 τί
302 3233 341 3320 ἦν
363 3238 453 3300 εἶναι.
496 3235 560 3299 His
583 3236 668 3304 enim
691 3237 812 3321 verbio,
834 3237 897 3300 nisi
919 3236 1029 3321 fallor,
1052 3239 1139 3305 idom
1156 3263 1215 3326 per

110 3342 194 3409 idum
220 3343 420 3426 significaret
441 3344 663 3429 philosophus.
709 3345 802 3418 Quae
823 3353 934 3415 autem
959 3348 1080 3414 debeat
1105 3351 1213 3417 inesse

108 3454 150 3518 iis
173 3453 335 3518 sententia
357 3452 411 3517 vel
434 3474 452 3516 c
474 3455 716 3520 commentariis
739 3455 921 3521 Alexandri
945 3465 979 3522 et
999 3458 1151 3546 Asclepii
1174 3464 1215 3527 ad

110 3563 142 3627 ir.
158 3562 179 3628 l.
196 3563 307 3646 colligi
327 3569 436 3648 potest
458 3570 511 3627 καὶ
534 3564 602 3628 ἐπεὶ
621 3565 659 3629 τὰ
682 3568 713 3629 τῖ’
732 3562 771 3650 ἦν
793 3566 875 3629 εἶναι
897 3566 960 3632 ἐπὶ
979 3573 1048 3633 cciv
1070 3566 1216 3636 οὐσιῶν

110 3671 193 3739 dcciv
213 3673 275 3735 κτλ.
297 3694 328 3755 p·
349 3677 478 3747 74489.
505 3678 572 3759 τῆς
598 3673 658 3756 γαρ
688 3671 825 3749 οὐσίας
851 3675 916 3740 ἐστὶ
940 3682 1054 3762 κυρίως
1075 3676 1216 3766 ὁρισμός.

111 3802 141 3867 p·
164 3780 333 3863 manac,
355 3783 408 3847 vul
430 3784 575 3866 apertius
597 3782 697 3845 ctiam
720 3802 739 3846 e
765 3784 925 3866 proximis
953 3787 1064 3852 verbis
1086 3789 1216 3854 Aristo·

111 3888 186 3952 telis
208 3890 396 3974 cognositur
415 3894 496 3954 ὅταν
517 3891 549 3955 δ’
566 3890 646 3954 ἄλλο
666 3905 737 3956 κατ’
754 3894 855 3958 ἄλλου
868 3895 1001 3980 λέγηται,
1023 3896 1094 3963 οὐκ
1108 3899 1216 3965 ἔστιν

113 3999 388 4087 direptoriam.
432 3999 512 4068 inde
534 4000 621 4067 enirn
645 4013 785 4095 apparet
799 4003 1013 4078 Aristotelem
1036 4016 1138 4077 autea
1160 4032 1215 4075 no-
