2602 4388
1111 175 1155 244 Te

10 339 13 377 ¹
63 337 105 403 ita
121 337 176 401 ed
205 335 336 402 verbnm
363 336 548 402 consentire
575 359 647 402 curn
674 338 758 403 libro
787 338 884 422 tertio
910 337 1034 406 decimo
1055 343 1104 414 M,
1123 344 1157 410 d,

10 467 11 477 ¹
60 471 87 534 p.
111 448 366 520 lombar—o.
389 469 420 532 p.
446 453 590 521 lusura.
613 447 692 530 (Be.
713 456 790 533 266,
811 457 985 534 24-269‚
1006 449 1100 534 25),
1122 457 1158 515 ut

59 580 117 626 uec
138 558 274 624 fortuita
294 560 464 625 consensio
479 581 553 625 esse
569 559 684 646 possit,
706 582 810 645 neque
826 561 912 624 eain
929 582 1023 646 quam
1041 567 1156 647 sponte

57 671 179 737 incidat
206 672 345 756 scriptor
371 693 468 756 quum
496 674 537 736 de
566 675 680 738 cadem
708 693 743 737 re
769 671 886 736 iterum
914 672 1071 757 disserat,
1098 674 1157 739 sed

55 782 128 869 ima
150 781 253 849 verba
273 804 317 846 ex
339 781 444 850 altero
464 782 536 849 loco
558 787 601 848 ad
624 783 762 849 alterum
777 782 939 849 translata
961 805 1035 847 esse
1057 805 1157 869 oppa·

10 886 12 915 ’
56 899 139 960 reat.
178 893 249 959 fluo
263 893 361 978 igitur
375 896 587 961 consensione
604 882 753 961 nolumus
774 893 823 959 ita
844 893 946 978 abuti,
964 900 1004 966 put
1026 915 1156 959 omnem

54 1007 228 1077 uerborum
255 1005 507 1088 discrepantiam
534 1005 706 1072 tollerent
728 1012 897 1093 utrumque
923 1004 1029 1070 locum
1056 1005 1156 1071 etiam
1204 1035 1217 1060 ι

53 1115 167 1182 ieritis
187 1097 280 1181 libris
303 1139 399 1182 mser.
422 1138 608 1203 exaequare
632 1118 828 1199 audeamus,
849 1120 906 1181 sod
927 1115 981 1183 ubi
999 1111 1157 1182 dubitatio

50 1226 167 1312 aliqua
189 1250 207 1292 e
233 1227 373 1292 lectione
402 1226 537 1293 alterius
566 1227 640 1292 libri
668 1234 742 1291 orta
770 1249 829 1312 per
855 1228 983 1293 codices
1011 1229 1157 1309 ejusdem

49 1337 202 1424 expediri
225 1359 290 1401 non
313 1337 447 1423 poterit,
466 1338 602 1405 alterius
624 1338 698 1403 libri
721 1338 884 1424 scriptura
906 1338 1091 1405 adhibenda
1113 1339 1158 1404 vi·

48 1454 162 1535 detur,
187 1449 213 1514 si
236 1449 396 1536 quidinde
418 1448 532 1514 auxilii
553 1450 621 1537 peti
642 1446 756 1534 possit.
800 1449 947 1516 Eundem
971 1452 1003 1515 in
1027 1453 1157 1517 modum

51 1563 141 1645 liano
163 1561 413 1644 discrepantiam
436 1562 589 1627 tractavit
603 1560 927 1645 Trendeleuburgius
942 1564 983 1628 de
998 1561 1080 1627 ideis
1095 1569 1157 1628 eto.

49 1697 87 1761 p.
103 1678 262 1756 ,20-24,
286 1679 318 1738 et
341 1673 445 1738 tribus
467 1674 509 1738 de
530 1673 611 1738 locis
633 1672 680 1737 ita
702 1672 886 1756 disputavit,
908 1679 944 1736 nt
959 1673 989 1736 oi
1006 1692 1068 1735 non
1085 1694 1158 1757 pos·

51 1786 157 1849 simus
179 1805 244 1848 non
265 1784 437 1850 assentire.
482 1784 566 1848 Nam
594 1783 730 1870 primum
758 1782 885 1869 quidem
914 1785 997 1870 quod
1026 1784 1157 1849 brevem

50 1897 147 1963 illam
171 1895 399 1981 disputationis
420 1902 561 1981 partem,
585 1917 667 1981 quae
691 1893 862 1979 peculiaris
878 1894 960 1960 libro
983 1895 1080 1960 tertio
1103 1895 1158 1958 de·

50 2009 141 2074 cirrio
163 2008 367 2072 desideratur
387 2008 421 2070 in
436 2005 541 2090 primo
564 2027 594 2091 p.
612 2006 853 2091 lovem-ll„
876 2007 1039 2071 excidisse
1055 1990 1165 2091 primo¹

53 2120 142 2185 libro
164 2118 361 2202 suspicatur,
383 2119 540 2204 siquidem
554 2125 598 2182 ⁴ot
620 2117 810 2182 Aristotelis
832 2119 1083 2203 argumentandi
1105 2141 1158 2183 ra·

53 2233 178 2297 tionem
194 2230 320 2293 referat
335 2237 368 2292 ct
384 2212 547 2294 artissime
562 2250 633 2293 oum
650 2228 784 2316 reliquis
799 2230 985 2314 cohaereat,
1003 2240 1158 2312 magnam

52 2349 148 2410 certe
175 2343 243 2408 veri
272 2341 412 2427 speeiem
440 2340 546 2405 habet
584 2338 727 2404 Mature
755 2361 836 2404 sune
864 2341 945 2405 haec
971 2337 1159 2424 corruptele

51 2453 230 2541 irrepsisse
256 2454 289 2516 in
318 2460 443 2518 textum
472 2447 645 2518 statuenda
673 2451 752 2533 erit3
773 2473 916 2538 namque
944 2452 975 2514 in
1005 2451 1045 2514 iis
1072 2460 1158 2516 com·

51 2566 240 2649 mentumis,
261 2563 313 2650 qui
338 2563 520 2628 Alexandri
538 2564 674 2629 nominc
695 2563 861 2646 feruntur,
884 2561 1037 2627 distincte
1060 2563 1159 2626 adno·

53 2685 147 2744 tatur
162 2701 192 2762 p.
209 2676 337 2748 817b8.
355 2675 449 2740 unice
465 2674 546 2738 liaeo
559 2674 659 2739 verba
674 2672 855 2757 peculiaria
871 2694 944 2739 esse
960 2672 1042 2736 libro
1057 2671 1158 2757 XIII,

52 2789 252 2876 melienorum
275 2787 577 2872 interpretationem
591 2788 766 2870 petendam
782 2807 854 2850 esse
876 2807 894 2850 e
917 2784 1160 2850 nornmentariis

51 2903 100 2967 ad
126 2899 244 2964 librum
272 2898 411 2984 primum
439 2876 578 2983 seriptis.
623 2896 690 2962 Sed
719 2896 984 2982 depravationem
1015 2916 1079 2960 non
1102 2895 1160 2960 mi·

52 3035 170 3078 norem
193 3010 338 3096 pluribus
358 3009 439 3072 locis
462 3012 532 3091 jam
564 3009 741 3094 antiquitus
762 3009 934 3072 inhaerere
957 3005 1062 3071 textui
1080 3005 1160 3070 Ari·

53 3123 208 3188 stotelioo
224 3119 310 3184 infra
324 3120 512 3185 sirlebimns,
527 3159 566 3172 -
584 3117 680 3190 Quod
696 3121 736 3184 de
751 3118 856 3182 altero
869 3118 941 3182 loeo
957 3139 987 3201 p.
1002 3120 1159 3189 ld‘ltial'l.

55 3232 386 3316 Trendelnnburgius
404 3229 577 3312 judicavit,-
597 3229 843 3314 comprobatum
861 3235 912 3292 cst
934 3235 968 3292 et
989 3228 1163 3295 confirma.

52 3355 126 3412 tum
151 3343 297 3409 Beklrcri
319 3343 480 3426 editione,
508 3340 560 3428 qui
584 3362 657 3405 enm
681 3339 728 3405 sio
752 3339 896 3405 exhibuit
916 3345 968 3404 καὶ
988 3342 1103 3405 τούτου
1124 3341 1160 3407 nd

53 3459 138 3543 πρός
158 3481 188 3520 τι
209 3458 262 3520 καὶ
282 3460 375 3520 τοῦτο
397 3457 455 3520 τοῦ
474 3459 553 3520 καθ’
576 3448 665 3516 αὑτό.
682 3487 724 3499 -
742 3449 794 3517 Do
810 3452 906 3520 tortio
922 3451 1061 3536 denique
1076 3452 1160 3536 loeo,
1222 3465 1225 3472 ·

47 3568 112 3656 ¹qui
141 3574 192 3633 cst
219 3567 250 3630 in
276 3564 432 3650 principio
459 3562 688 3650 disputationis
710 3565 751 3628 dc
778 3562 858 3627 ideis
880 3569 932 3638 M,
954 3584 985 3647 p.
1012 3567 1160 3635 1079a2.

56 3683 140 3745 καθ’
162 3679 293 3742 ἕκαστόν
313 3698 346 3740 τε
367 3677 427 3760 γὰρ
448 3673 616 3759 ὁμώνυμόν
639 3675 768 3738 ἐστικαὶ
788 3673 876 3757 παρὰ
891 3672 1078 3749 solecicius,
1099 3676 1162 3737 τῶν

57 3813 94 3855 τε
115 3789 221 3853 ἄλλων
243 3792 278 3853 ἔν
300 3787 384 3852 ἔστιν
409 3786 459 3849 ἐπὶ
486 3786 612 3850 πολλῶν
638 3785 717 3850 illud
744 3784 872 3850 videtur
897 3806 974 3850 vere
1001 3790 1159 3866 statuere,

59 3921 125 3964 non
166 3920 239 3965 osse
273 3905 346 3996 post
379 3895 483 3991 didon
515 3884 723 3963 inserendum
756 3890 814 3991 da,
853 3903 888 3960 ut
919 3893 1088 3962 exhibetur
1118 3897 1161 3967 A,

61 4032 94 4099 p.
107 4010 236 4082 99de·
271 4006 384 4098 Neque
397 4006 542 4075 codicum
564 4007 758 4077 auctoritate
779 4027 980 4095 magnopore
1001 4026 1042 4071 eo
1064 4001 1158 4077 leutio
