<?xml version="1.0" encoding="UTF-8"?>
<!DOCTYPE html PUBLIC "-//W3C//DTD XHTML 1.0 Transitional//EN"
    "http://www.w3.org/TR/xhtml1/DTD/xhtml1-transitional.dtd">
<html xmlns="http://www.w3.org/1999/xhtml" xml:lang="en" lang="en">
 <head>
  <title>
</title>
<meta http-equiv="Content-Type" content="text/html;charset=utf-8" />
  <meta name='ocr-system' content='tesseract 3.04.00' />
  <meta name='ocr-capabilities' content='ocr_page ocr_carea ocr_par ocr_line ocrx_word'/>
</head>
<body>
  <div class='ocr_page' id='page_1' title='image "./observationescr00bonigoog_0102.png"; bbox 0 0 2602 4388; ppageno 0'>
   <div class='ocr_carea' id='block_1_1' title="bbox 1115 201 1157 264">
    <p class='ocr_par' dir='ltr' id='par_1_1' title="bbox 1115 201 1157 264">
     <span class='ocr_line' id='line_1_1' title="bbox 1115 201 1157 264; baseline 0.024 -1"><span class='ocrx_word' id='word_1_1' title='bbox 1115 201 1157 264; x_wconf 72' lang='lat' dir='ltr'><strong>bt</strong></span> 
     </span>
    </p>
   </div>
   <div class='ocr_carea' id='block_1_2' title="bbox 51 354 1201 2105">
    <p class='ocr_par' dir='ltr' id='par_1_2' title="bbox 51 354 1162 1551">
     <span class='ocr_line' id='line_1_2' title="bbox 51 354 1160 443; baseline 0.005 -20"><span class='ocrx_word' id='word_1_2' title='bbox 51 357 101 423; x_wconf 86' lang='lat' dir='ltr'><strong>tio</strong></span> <span class='ocrx_word' id='word_1_3' title='bbox 133 355 375 437; x_wconf 79' lang='lat' dir='ltr'><strong>substantiatis3</strong></span> <span class='ocrx_word' id='word_1_4' title='bbox 402 377 485 443; x_wconf 89' lang='lat' dir='ltr'><strong>quae</strong></span> <span class='ocrx_word' id='word_1_5' title='bbox 513 355 545 420; x_wconf 92' lang='lat' dir='ltr'><strong>in</strong></span> <span class='ocrx_word' id='word_1_6' title='bbox 575 354 734 420; x_wconf 87' lang='lat' dir='ltr'><strong>infinitum</strong></span> <span class='ocrx_word' id='word_1_7' title='bbox 763 358 982 425; x_wconf 78' lang='lat' dir='ltr'><strong>continuantia</strong></span> <span class='ocrx_word' id='word_1_8' title='bbox 1010 381 1084 425; x_wconf 84' lang='lat' dir='ltr'><strong>essa</strong></span> <span class='ocrx_word' id='word_1_9' title='bbox 1110 361 1160 428; x_wconf 79' lang='lat' dir='ltr'><strong>sn-</strong></span> 
     </span>
     <span class='ocr_line' id='line_1_3' title="bbox 52 465 1160 553; baseline 0.004 -19"><span class='ocrx_word' id='word_1_10' title='bbox 52 468 119 534; x_wconf 79' lang='lat' dir='ltr'><strong>eile</strong></span> <span class='ocrx_word' id='word_1_11' title='bbox 142 473 290 552; x_wconf 86' lang='lat' dir='ltr'><strong>apparat.</strong></span> <span class='ocrx_word' id='word_1_12' title='bbox 334 465 397 530; x_wconf 79' lang='lat' dir='ltr'><strong>nis</strong></span> <span class='ocrx_word' id='word_1_13' title='bbox 420 467 447 530; x_wconf 87' lang='lat' dir='ltr'><strong>si</strong></span> <span class='ocrx_word' id='word_1_14' title='bbox 470 473 559 532; x_wconf 84' lang='lat' dir='ltr'><strong>reete</strong></span> <span class='ocrx_word' id='word_1_15' title='bbox 582 467 789 553; x_wconf 82' lang='lat' dir='ltr'>exposuimus</span> <span class='ocrx_word' id='word_1_16' title='bbox 811 466 1002 534; x_wconf 81' lang='lat' dir='ltr'><strong>Aristotelis</strong></span> <span class='ocrx_word' id='word_1_17' title='bbox 1031 481 1160 538; x_wconf 85' lang='lat' dir='ltr'><strong>seuten-</strong></span> 
     </span>
     <span class='ocr_line' id='line_1_4' title="bbox 55 578 1160 672; baseline 0.004 -29"><span class='ocrx_word' id='word_1_18' title='bbox 55 580 151 662; x_wconf 86' lang='lat' dir='ltr'><strong>tiam,</strong></span> <span class='ocrx_word' id='word_1_19' title='bbox 174 578 386 643; x_wconf 81' lang='lat' dir='ltr'><strong>omittendum</strong></span> <span class='ocrx_word' id='word_1_20' title='bbox 411 584 461 643; x_wconf 85' lang='lat' dir='ltr'><strong>est</strong></span> <span class='ocrx_word' id='word_1_21' title='bbox 484 601 503 643; x_wconf 87' lang='lat' dir='ltr'><strong>e</strong></span> <span class='ocrx_word' id='word_1_22' title='bbox 519 578 629 643; x_wconf 82' lang='lat' dir='ltr'><strong>verbis</strong></span> <span class='ocrx_word' id='word_1_23' title='bbox 643 579 873 664; x_wconf 86' lang='lat' dir='ltr'><strong>suprapositis</strong></span> <span class='ocrx_word' id='word_1_24' title='bbox 891 579 1027 644; x_wconf 86' lang='lat' dir='ltr'><strong>alterum</strong></span> <span class='ocrx_word' id='word_1_25' title='bbox 1044 590 1160 672; x_wconf 69' lang='grc' dir='ltr'><strong><em>ἵππῳ,</em></strong></span> 
     </span>
     <span class='ocr_line' id='line_1_5' title="bbox 55 688 1161 781; baseline 0.005 -27"><span class='ocrx_word' id='word_1_26' title='bbox 55 711 134 755; x_wconf 84' lang='lat' dir='ltr'><strong>uam</strong></span> <span class='ocrx_word' id='word_1_27' title='bbox 157 689 333 771; x_wconf 75' lang='lat' dir='ltr'><strong>objectum,</strong></span> <span class='ocrx_word' id='word_1_28' title='bbox 356 690 440 773; x_wconf 85' lang='lat' dir='ltr'><strong>quod</strong></span> <span class='ocrx_word' id='word_1_29' title='bbox 464 691 504 752; x_wconf 87' lang='lat' dir='ltr'><strong>ml</strong></span> <span class='ocrx_word' id='word_1_30' title='bbox 528 693 558 753; x_wconf 77' lang='grc' dir='ltr'><strong><em>τί</em></strong></span> <span class='ocrx_word' id='word_1_31' title='bbox 577 689 617 776; x_wconf 77' lang='grc' dir='ltr'><strong>ηἰι</strong></span> <span class='ocrx_word' id='word_1_32' title='bbox 638 691 719 753; x_wconf 78' lang='grc' dir='ltr'><strong><em>εἶναι</em></strong></span> <span class='ocrx_word' id='word_1_33' title='bbox 739 688 914 773; x_wconf 83' lang='lat' dir='ltr'><strong>referatur,</strong></span> <span class='ocrx_word' id='word_1_34' title='bbox 937 697 987 755; x_wconf 85' lang='lat' dir='ltr'><strong>est</strong></span> <span class='ocrx_word' id='word_1_35' title='bbox 1009 698 1052 779; x_wconf 75' lang='grc' dir='ltr'><strong><em>τῷ</em></strong></span> <span class='ocrx_word' id='word_1_36' title='bbox 1072 699 1101 757; x_wconf 78' lang='grc' dir='ltr'><strong><em>τί</em></strong></span> <span class='ocrx_word' id='word_1_37' title='bbox 1120 693 1161 781; x_wconf 78' lang='grc' dir='ltr'><strong>ἦν</strong></span> 
     </span>
     <span class='ocr_line' id='line_1_6' title="bbox 58 798 1160 888; baseline 0.002 -23"><span class='ocrx_word' id='word_1_38' title='bbox 58 803 258 887; x_wconf 68' lang='lat' dir='ltr'><strong>atrocitatum,</strong></span> <span class='ocrx_word' id='word_1_39' title='bbox 281 821 384 883; x_wconf 81' lang='lat' dir='ltr'><strong>neque</strong></span> <span class='ocrx_word' id='word_1_40' title='bbox 407 798 546 864; x_wconf 83' lang='lat' dir='ltr'><strong>alterum</strong></span> <span class='ocrx_word' id='word_1_41' title='bbox 570 801 702 884; x_wconf 88' lang='lat' dir='ltr'><strong>insuper</strong></span> <span class='ocrx_word' id='word_1_42' title='bbox 729 800 887 888; x_wconf 79' lang='lat' dir='ltr'><strong>objectum</strong></span> <span class='ocrx_word' id='word_1_43' title='bbox 913 801 1034 887; x_wconf 75' lang='grc' dir='ltr'><strong><em>(ἱππῳ)</em></strong></span> <span class='ocrx_word' id='word_1_44' title='bbox 1063 806 1160 884; x_wconf 80' lang='lat' dir='ltr'><strong>adjici</strong></span> 
     </span>
     <span class='ocr_line' id='line_1_7' title="bbox 58 909 1161 994; baseline -0.003 -21"><span class='ocrx_word' id='word_1_45' title='bbox 58 917 175 994; x_wconf 76' lang='lat' dir='ltr'><strong>puteat.</strong></span> <span class='ocrx_word' id='word_1_46' title='bbox 230 909 399 974; x_wconf 84' lang='lat' dir='ltr'><strong>Gorrseutit</strong></span> <span class='ocrx_word' id='word_1_47' title='bbox 430 909 605 975; x_wconf 86' lang='lat' dir='ltr'><strong>manifesto</strong></span> <span class='ocrx_word' id='word_1_48' title='bbox 634 933 707 975; x_wconf 89' lang='lat' dir='ltr'><strong>cum</strong></span> <span class='ocrx_word' id='word_1_49' title='bbox 735 909 795 976; x_wconf 83' lang='lat' dir='ltr'><strong>bae</strong></span> <span class='ocrx_word' id='word_1_50' title='bbox 829 913 1055 977; x_wconf 75' lang='lat' dir='ltr'>emendatione</span> <span class='ocrx_word' id='word_1_51' title='bbox 1083 911 1161 978; x_wconf 86' lang='lat' dir='ltr'><strong>Ate.</strong></span> 
     </span>
     <span class='ocr_line' id='line_1_8' title="bbox 58 1019 1161 1110; baseline 0.002 -26"><span class='ocrx_word' id='word_1_52' title='bbox 58 1022 186 1085; x_wconf 74' lang='lat' dir='ltr'><strong>sunder</strong></span> <span class='ocrx_word' id='word_1_53' title='bbox 208 1025 291 1106; x_wconf 88' lang='lat' dir='ltr'><strong>quml</strong></span> <span class='ocrx_word' id='word_1_54' title='bbox 313 1021 427 1087; x_wconf 79' lang='lat' dir='ltr'><strong>scribit</strong></span> <span class='ocrx_word' id='word_1_55' title='bbox 448 1026 506 1085; x_wconf 81' lang='grc' dir='ltr'><strong><em>τοῦ</em></strong></span> <span class='ocrx_word' id='word_1_56' title='bbox 531 1019 657 1103; x_wconf 70' lang='grc' dir='ltr'><strong><em>ἱματίου</em></strong></span> <span class='ocrx_word' id='word_1_57' title='bbox 680 1021 714 1105; x_wconf 79' lang='lat' dir='ltr'><strong>(i.</strong></span> <span class='ocrx_word' id='word_1_58' title='bbox 728 1043 756 1086; x_wconf 89' lang='lat' dir='ltr'><strong>e.</strong></span> <span class='ocrx_word' id='word_1_59' title='bbox 772 1027 830 1086; x_wconf 84' lang='grc' dir='ltr'><strong><em>τοῦ</em></strong></span> <span class='ocrx_word' id='word_1_60' title='bbox 851 1026 879 1087; x_wconf 76' lang='grc' dir='ltr'><strong><em>τί</em></strong></span> <span class='ocrx_word' id='word_1_61' title='bbox 899 1021 939 1108; x_wconf 78' lang='grc' dir='ltr'><strong>ἦν</strong></span> <span class='ocrx_word' id='word_1_62' title='bbox 959 1024 1040 1086; x_wconf 74' lang='grc' dir='ltr'><strong><em>εἶναι</em></strong></span> <span class='ocrx_word' id='word_1_63' title='bbox 1062 1025 1161 1110; x_wconf 74' lang='grc' dir='ltr'><strong><em>ἵππῳ)</em></strong></span> 
     </span>
     <span class='ocr_line' id='line_1_9' title="bbox 57 1111 1161 1218; baseline 0.003 -23"><span class='ocrx_word' id='word_1_64' title='bbox 57 1133 92 1197; x_wconf 80' lang='grc' dir='ltr'><strong><em>τὸ</em></strong></span> <span class='ocrx_word' id='word_1_65' title='bbox 114 1135 145 1196; x_wconf 71' lang='grc' dir='ltr'><strong><em>τί</em></strong></span> <span class='ocrx_word' id='word_1_66' title='bbox 169 1130 209 1218; x_wconf 79' lang='grc' dir='ltr'><strong>ἦν</strong></span> <span class='ocrx_word' id='word_1_67' title='bbox 230 1135 311 1195; x_wconf 72' lang='grc' dir='ltr'><strong><em>εἶναι</em></strong></span> <span class='ocrx_word' id='word_1_68' title='bbox 332 1131 419 1196; x_wconf 82' lang='grc' dir='ltr'><strong><em>ἔσται</em></strong></span> <span class='ocrx_word' id='word_1_69' title='bbox 441 1137 547 1216; x_wconf 75' lang='grc' dir='ltr'><strong><em>ἕτερον</em></strong></span> <span class='ocrx_word' id='word_1_70' title='bbox 569 1129 679 1196; x_wconf 76' lang='grc' dir='ltr'><strong><em>αὐτοῦ.</em></strong></span> <span class='ocrx_word' id='word_1_71' title='bbox 717 1131 888 1215; x_wconf 79' lang='lat' dir='ltr'><strong>Asclepius</strong></span> <span class='ocrx_word' id='word_1_72' title='bbox 911 1154 991 1197; x_wconf 85' lang='lat' dir='ltr'><strong>sana</strong></span> <span class='ocrx_word' id='word_1_73' title='bbox 1013 1111 1045 1197; x_wconf 87' lang='lat' dir='ltr'><strong>iu</strong></span> <span class='ocrx_word' id='word_1_74' title='bbox 1069 1140 1161 1198; x_wconf 89' lang='lat' dir='ltr'><strong>textu</strong></span> 
     </span>
     <span class='ocr_line' id='line_1_10' title="bbox 58 1241 1161 1328; baseline 0.003 -21"><span class='ocrx_word' id='word_1_75' title='bbox 58 1264 132 1307; x_wconf 84' lang='lat' dir='ltr'><strong>eam</strong></span> <span class='ocrx_word' id='word_1_76' title='bbox 155 1241 327 1306; x_wconf 76' lang='lat' dir='ltr'><strong>lectionem</strong></span> <span class='ocrx_word' id='word_1_77' title='bbox 344 1243 472 1307; x_wconf 88' lang='lat' dir='ltr'><strong>videtur</strong></span> <span class='ocrx_word' id='word_1_78' title='bbox 487 1242 641 1306; x_wconf 88' lang='lat' dir='ltr'><strong>babuisse</strong></span> <span class='ocrx_word' id='word_1_79' title='bbox 657 1241 712 1325; x_wconf 79' lang='lat' dir='ltr'><strong>(ef.</strong></span> <span class='ocrx_word' id='word_1_80' title='bbox 730 1264 760 1326; x_wconf 91' lang='lat' dir='ltr'><strong>p.</strong></span> <span class='ocrx_word' id='word_1_81' title='bbox 775 1243 952 1326; x_wconf 61' lang='lat' dir='ltr'><strong>malt),</strong></span> <span class='ocrx_word' id='word_1_82' title='bbox 974 1265 1057 1328; x_wconf 90' lang='lat' dir='ltr'><strong>quae</strong></span> <span class='ocrx_word' id='word_1_83' title='bbox 1074 1265 1161 1310; x_wconf 83' lang='lat' dir='ltr'><strong>nune</strong></span> 
     </span>
     <span class='ocr_line' id='line_1_11' title="bbox 59 1353 1162 1441; baseline 0.002 -22"><span class='ocrx_word' id='word_1_84' title='bbox 59 1353 195 1438; x_wconf 72' lang='lat' dir='ltr'><strong>vulgata</strong></span> <span class='ocrx_word' id='word_1_85' title='bbox 218 1359 283 1432; x_wconf 82' lang='lat' dir='ltr'><strong>est3</strong></span> <span class='ocrx_word' id='word_1_86' title='bbox 314 1355 371 1417; x_wconf 82' lang='lat' dir='ltr'><strong>sed</strong></span> <span class='ocrx_word' id='word_1_87' title='bbox 400 1354 535 1434; x_wconf 85' lang='lat' dir='ltr'><strong>exejus</strong></span> <span class='ocrx_word' id='word_1_88' title='bbox 558 1355 793 1419; x_wconf 81' lang='lat' dir='ltr'><strong>commentario</strong></span> <span class='ocrx_word' id='word_1_89' title='bbox 821 1356 864 1418; x_wconf 83' lang='lat' dir='ltr'><strong>ad</strong></span> <span class='ocrx_word' id='word_1_90' title='bbox 892 1355 923 1420; x_wconf 92' lang='lat' dir='ltr'><strong>b.</strong></span> <span class='ocrx_word' id='word_1_91' title='bbox 946 1355 967 1419; x_wconf 93' lang='grc' dir='ltr'><strong>Ι.</strong></span> <span class='ocrx_word' id='word_1_92' title='bbox 992 1355 1046 1419; x_wconf 87' lang='lat' dir='ltr'><strong>vix</strong></span> <span class='ocrx_word' id='word_1_93' title='bbox 1074 1358 1162 1441; x_wconf 86' lang='lat' dir='ltr'><strong>quid-</strong></span> 
     </span>
     <span class='ocr_line' id='line_1_12' title="bbox 58 1464 387 1551; baseline 0 -22"><span class='ocrx_word' id='word_1_94' title='bbox 58 1487 155 1551; x_wconf 85' lang='lat' dir='ltr'><strong>quam</strong></span> <span class='ocrx_word' id='word_1_95' title='bbox 180 1464 261 1528; x_wconf 85' lang='lat' dir='ltr'><strong>lueis</strong></span> <span class='ocrx_word' id='word_1_96' title='bbox 284 1470 387 1547; x_wconf 85' lang='lat' dir='ltr'><strong>petas.</strong></span> 
     </span>
    </p>

    <p class='ocr_par' dir='ltr' id='par_1_3' title="bbox 57 1574 1201 2105">
     <span class='ocr_line' id='line_1_13' title="bbox 144 1574 1162 1660; baseline 0.002 -20"><span class='ocrx_word' id='word_1_97' title='bbox 144 1582 183 1659; x_wconf 91' lang='grc' dir='ltr'><strong><em>Ζ,</em></strong></span> <span class='ocrx_word' id='word_1_98' title='bbox 208 1583 257 1645; x_wconf 92' lang='lat' dir='ltr'><strong>ll.</strong></span> <span class='ocrx_word' id='word_1_99' title='bbox 281 1596 311 1658; x_wconf 86' lang='lat' dir='ltr'><strong>p.</strong></span> <span class='ocrx_word' id='word_1_100' title='bbox 337 1576 483 1646; x_wconf 76' lang='lat' dir='ltr'><strong>1037bl.</strong></span> <span class='ocrx_word' id='word_1_101' title='bbox 514 1574 590 1657; x_wconf 69' lang='lat' dir='ltr'><strong>(Ba</strong></span> <span class='ocrx_word' id='word_1_102' title='bbox 615 1583 696 1658; x_wconf 78' lang='lat'>152,</span> <span class='ocrx_word' id='word_1_103' title='bbox 722 1578 797 1660; x_wconf 52' lang='lat'><strong>277)</strong></span> <span class='ocrx_word' id='word_1_104' title='bbox 825 1583 879 1640; x_wconf 83' lang='grc' dir='ltr'><strong>καὶ</strong></span> <span class='ocrx_word' id='word_1_105' title='bbox 906 1578 965 1660; x_wconf 84' lang='lat' dir='ltr'><strong>(sn.</strong></span> <span class='ocrx_word' id='word_1_106' title='bbox 995 1578 1162 1659; x_wconf 77' lang='grc' dir='ltr'><strong><em>δέδεικται)</em></strong></span> 
     </span>
     <span class='ocr_line' id='line_1_14' title="bbox 58 1684 1164 1771; baseline -0.002 -18"><span class='ocrx_word' id='word_1_107' title='bbox 58 1687 166 1753; x_wconf 76' lang='grc' dir='ltr'><strong><em>ὅτιτὸ</em></strong></span> <span class='ocrx_word' id='word_1_108' title='bbox 188 1689 217 1750; x_wconf 83' lang='grc' dir='ltr'><strong><em>τί</em></strong></span> <span class='ocrx_word' id='word_1_109' title='bbox 236 1684 276 1771; x_wconf 82' lang='grc' dir='ltr'><strong>ἦν</strong></span> <span class='ocrx_word' id='word_1_110' title='bbox 298 1688 379 1749; x_wconf 77' lang='grc' dir='ltr'><strong><em>εἶναι</em></strong></span> <span class='ocrx_word' id='word_1_111' title='bbox 400 1689 532 1749; x_wconf 77' lang='grc' dir='ltr'><strong><em>ἕκαστον</em></strong></span> <span class='ocrx_word' id='word_1_112' title='bbox 554 1685 605 1748; x_wconf 74' lang='grc' dir='ltr'><strong>ἐπὶ</strong></span> <span class='ocrx_word' id='word_1_113' title='bbox 627 1689 723 1748; x_wconf 72' lang='grc' dir='ltr'><strong><em>τινῶν</em></strong></span> <span class='ocrx_word' id='word_1_114' title='bbox 743 1689 801 1768; x_wconf 80' lang='grc' dir='ltr'><strong>μὲν</strong></span> <span class='ocrx_word' id='word_1_115' title='bbox 827 1685 961 1767; x_wconf 75' lang='grc' dir='ltr'><strong><em>ταύτόν,</em></strong></span> <span class='ocrx_word' id='word_1_116' title='bbox 987 1687 1090 1770; x_wconf 79' lang='grc' dir='ltr'><strong><em>ὥσπερ</em></strong></span> <span class='ocrx_word' id='word_1_117' title='bbox 1112 1688 1164 1751; x_wconf 75' lang='grc' dir='ltr'><strong>ἐπὶ</strong></span> 
     </span>
     <span class='ocr_line' id='line_1_15' title="bbox 57 1789 1201 1881; baseline 0 -20"><span class='ocrx_word' id='word_1_118' title='bbox 57 1801 123 1862; x_wconf 77' lang='grc' dir='ltr'><strong><em>ταῖν</em></strong></span> <span class='ocrx_word' id='word_1_119' title='bbox 143 1795 422 1881; x_wconf 68' lang='grc' dir='ltr'><strong><em>πρώτωνυῦσιαῖυ,</em></strong></span> <span class='ocrx_word' id='word_1_120' title='bbox 445 1794 513 1859; x_wconf 80' lang='grc' dir='ltr'><em>οἷον</em></span> <span class='ocrx_word' id='word_1_121' title='bbox 534 1794 733 1879; x_wconf 77' lang='grc' dir='ltr'><strong><em>καμπυλότης</em></strong></span> <span class='ocrx_word' id='word_1_122' title='bbox 754 1799 805 1859; x_wconf 78' lang='grc' dir='ltr'><strong>καῖ</strong></span> <span class='ocrx_word' id='word_1_123' title='bbox 837 1795 1047 1880; x_wconf 75' lang='grc' dir='ltr'><strong><em>καμπυλότητι</em></strong></span> <span class='ocrx_word' id='word_1_124' title='bbox 1075 1798 1163 1871; x_wconf 81' lang='grc' dir='ltr'><strong><em>εἶναι,</em></strong></span> <span class='ocrx_word' id='word_1_125' title='bbox 1199 1789 1201 1792; x_wconf 34' lang='lat'><strong>⁴</strong></span> 
     </span>
     <span class='ocr_line' id='line_1_16' title="bbox 57 1885 1165 1995; baseline -0.002 -24"><span class='ocrx_word' id='word_1_126' title='bbox 57 1885 90 1971; x_wconf 74' lang='grc' dir='ltr'><strong>ελ</strong></span> <span class='ocrx_word' id='word_1_127' title='bbox 112 1908 219 1993; x_wconf 83' lang='grc' dir='ltr'><strong><em>πριότη</em></strong></span> <span class='ocrx_word' id='word_1_128' title='bbox 245 1907 336 1970; x_wconf 77' lang='grc' dir='ltr'><strong><em>ἐστίν.</em></strong></span> <span class='ocrx_word' id='word_1_129' title='bbox 358 1906 441 1985; x_wconf 77' lang='grc' dir='ltr'><strong>λέγω</strong></span> <span class='ocrx_word' id='word_1_130' title='bbox 470 1905 507 1970; x_wconf 70' lang='grc' dir='ltr'><strong>δὲ</strong></span> <span class='ocrx_word' id='word_1_131' title='bbox 534 1907 659 1989; x_wconf 77' lang='grc' dir='ltr'><strong><em>πρώτην</em></strong></span> <span class='ocrx_word' id='word_1_132' title='bbox 684 1908 705 1991; x_wconf 77' lang='grc' dir='ltr'><em>ἢ</em></span> <span class='ocrx_word' id='word_1_133' title='bbox 730 1906 773 1991; x_wconf 76' lang='grc' dir='ltr'><strong>μη</strong></span> <span class='ocrx_word' id='word_1_134' title='bbox 805 1905 925 1986; x_wconf 74' lang='grc' dir='ltr'><strong><em>λέγεται</em></strong></span> <span class='ocrx_word' id='word_1_135' title='bbox 951 1909 996 1995; x_wconf 72' lang='grc' dir='ltr'><strong><em>τῷ</em></strong></span> <span class='ocrx_word' id='word_1_136' title='bbox 1022 1905 1101 1969; x_wconf 83' lang='grc' dir='ltr'><strong><em>ἄλλο</em></strong></span> <span class='ocrx_word' id='word_1_137' title='bbox 1130 1906 1165 1970; x_wconf 80' lang='grc' dir='ltr'><strong>ἓν</strong></span> 
     </span>
     <span class='ocr_line' id='line_1_17' title="bbox 58 2011 1164 2105; baseline 0 -24"><span class='ocrx_word' id='word_1_138' title='bbox 58 2017 146 2105; x_wconf 68' lang='grc' dir='ltr'><strong>ἄλλη</strong></span> <span class='ocrx_word' id='word_1_139' title='bbox 162 2019 313 2082; x_wconf 77' lang='grc' dir='ltr'><strong><em>εἶναικαὶ</em></strong></span> <span class='ocrx_word' id='word_1_140' title='bbox 334 2014 531 2103; x_wconf 79' lang='grc' dir='ltr'><strong><em>ὑποκειμένῳ</em></strong></span> <span class='ocrx_word' id='word_1_141' title='bbox 551 2011 594 2090; x_wconf 76' lang='grc' dir='ltr'><strong>ὥς</strong></span> <span class='ocrx_word' id='word_1_142' title='bbox 615 2015 682 2101; x_wconf 81' lang='grc' dir='ltr'><strong>ὕλη.</strong></span> <span class='ocrx_word' id='word_1_143' title='bbox 704 2017 765 2081; x_wconf 84' lang='grc' dir='ltr'><strong>ὅσα</strong></span> <span class='ocrx_word' id='word_1_144' title='bbox 787 2014 820 2079; x_wconf 65' lang='grc' dir='ltr'><strong>δ’</strong></span> <span class='ocrx_word' id='word_1_145' title='bbox 835 2013 879 2091; x_wconf 75' lang='grc' dir='ltr'><strong>ὥς</strong></span> <span class='ocrx_word' id='word_1_146' title='bbox 900 2016 957 2101; x_wconf 80' lang='grc' dir='ltr'><strong>ὕλη</strong></span> <span class='ocrx_word' id='word_1_147' title='bbox 979 2018 999 2103; x_wconf 84' lang='grc' dir='ltr'><em>ἢ</em></span> <span class='ocrx_word' id='word_1_148' title='bbox 1019 2013 1062 2092; x_wconf 76' lang='grc' dir='ltr'><strong>ὥς</strong></span> <span class='ocrx_word' id='word_1_149' title='bbox 1089 2034 1164 2081; x_wconf 81' lang='grc' dir='ltr'><strong><em>συν-</em></strong></span> 
     </span>
    </p>
   </div>
   <div class='ocr_carea' id='block_1_3' title="bbox 58 2120 1165 2218">
    <p class='ocr_par' dir='ltr' id='par_1_4' title="bbox 58 2120 1165 2218">
     <span class='ocr_line' id='line_1_18' title="bbox 58 2120 1165 2218; baseline -0.001 -26"><span class='ocrx_word' id='word_1_150' title='bbox 58 2127 227 2212; x_wconf 74' lang='grc' dir='ltr'><strong><em>ειλημμένα</em></strong></span> <span class='ocrx_word' id='word_1_151' title='bbox 255 2132 290 2218; x_wconf 79' lang='grc' dir='ltr'><strong><em>τῇ</em></strong></span> <span class='ocrx_word' id='word_1_152' title='bbox 318 2126 384 2216; x_wconf 80' lang='grc' dir='ltr'><strong><em>ὕλη,</em></strong></span> <span class='ocrx_word' id='word_1_153' title='bbox 418 2124 457 2191; x_wconf 76' lang='grc' dir='ltr'><strong>οὗ</strong></span> <span class='ocrx_word' id='word_1_154' title='bbox 486 2120 597 2207; x_wconf 81' lang='grc' dir='ltr'><strong><em>ταότό,</em></strong></span> <span class='ocrx_word' id='word_1_155' title='bbox 621 2125 699 2188; x_wconf 78' lang='grc' dir='ltr'><em>οὐδὲ</em></span> <span class='ocrx_word' id='word_1_156' title='bbox 721 2125 800 2191; x_wconf 71' lang='grc' dir='ltr'><strong><em>κατὰ</em></strong></span> <span class='ocrx_word' id='word_1_157' title='bbox 822 2128 1011 2212; x_wconf 78' lang='grc' dir='ltr'><strong><em>συμβεβηκός</em></strong></span> <span class='ocrx_word' id='word_1_158' title='bbox 1032 2130 1075 2202; x_wconf 76' lang='grc' dir='ltr'><strong><em>ἓν,</em></strong></span> <span class='ocrx_word' id='word_1_159' title='bbox 1097 2125 1165 2191; x_wconf 76' lang='grc' dir='ltr'><em>οἷον</em></span> 
     </span>
    </p>
   </div>
   <div class='ocr_carea' id='block_1_4' title="bbox 52 2236 1171 3542">
    <p class='ocr_par' dir='ltr' id='par_1_5' title="bbox 52 2236 1171 3542">
     <span class='ocr_line' id='line_1_19' title="bbox 59 2236 1166 2322; baseline -0.004 -18"><span class='ocrx_word' id='word_1_160' title='bbox 59 2236 78 2304; x_wconf 81' lang='grc' dir='ltr'><strong><em>ό</em></strong></span> <span class='ocrx_word' id='word_1_161' title='bbox 100 2239 267 2322; x_wconf 79' lang='grc' dir='ltr'><strong><em>Σωκράτης</em></strong></span> <span class='ocrx_word' id='word_1_162' title='bbox 288 2243 341 2299; x_wconf 72' lang='grc' dir='ltr'><strong>καὶ</strong></span> <span class='ocrx_word' id='word_1_163' title='bbox 361 2236 398 2300; x_wconf 84' lang='grc' dir='ltr'><strong><em>τό</em></strong></span> <span class='ocrx_word' id='word_1_164' title='bbox 421 2238 586 2319; x_wconf 78' lang='grc' dir='ltr'><strong><em>μουσικόν·</em></strong></span> <span class='ocrx_word' id='word_1_165' title='bbox 616 2240 718 2299; x_wconf 81' lang='grc' dir='ltr'><strong><em>ταῦτα</em></strong></span> <span class='ocrx_word' id='word_1_166' title='bbox 745 2238 805 2319; x_wconf 74' lang='grc' dir='ltr'><strong>γὰρ</strong></span> <span class='ocrx_word' id='word_1_167' title='bbox 827 2237 929 2301; x_wconf 76' lang='grc' dir='ltr'><strong><em>ταύτό</em></strong></span> <span class='ocrx_word' id='word_1_168' title='bbox 950 2238 1031 2300; x_wconf 77' lang='grc' dir='ltr'><strong><em>κατὰ</em></strong></span> <span class='ocrx_word' id='word_1_169' title='bbox 1052 2240 1166 2319; x_wconf 82' lang='grc' dir='ltr'><strong><em>συμβε-</em></strong></span> 
     </span>
     <span class='ocr_line' id='line_1_20' title="bbox 59 2345 1165 2434; baseline -0.003 -22"><span class='ocrx_word' id='word_1_170' title='bbox 59 2350 162 2434; x_wconf 79' lang='grc' dir='ltr'><strong><em>βηκός.</em></strong></span> <span class='ocrx_word' id='word_1_171' title='bbox 207 2346 245 2410; x_wconf 94' lang='lat' dir='ltr'><strong>lu</strong></span> <span class='ocrx_word' id='word_1_172' title='bbox 275 2346 367 2411; x_wconf 86' lang='lat' dir='ltr'><strong>initio</strong></span> <span class='ocrx_word' id='word_1_173' title='bbox 396 2347 491 2428; x_wconf 87' lang='lat' dir='ltr'><strong>bujus</strong></span> <span class='ocrx_word' id='word_1_174' title='bbox 527 2345 689 2411; x_wconf 75' lang='lat' dir='ltr'><strong>enunciati</strong></span> <span class='ocrx_word' id='word_1_175' title='bbox 722 2346 834 2410; x_wconf 90' lang='lat' dir='ltr'><strong>vitium</strong></span> <span class='ocrx_word' id='word_1_176' title='bbox 862 2345 1069 2410; x_wconf 82' lang='lat' dir='ltr'><strong>manifestum</strong></span> <span class='ocrx_word' id='word_1_177' title='bbox 1102 2352 1165 2431; x_wconf 84' lang='lat' dir='ltr'><strong>est,</strong></span> 
     </span>
     <span class='ocr_line' id='line_1_21' title="bbox 60 2455 1165 2545; baseline -0.004 -23"><span class='ocrx_word' id='word_1_178' title='bbox 60 2459 215 2545; x_wconf 89' lang='lat' dir='ltr'><strong>quoniam</strong></span> <span class='ocrx_word' id='word_1_179' title='bbox 240 2481 280 2523; x_wconf 86' lang='lat' dir='ltr'><strong>ea</strong></span> <span class='ocrx_word' id='word_1_180' title='bbox 297 2459 417 2542; x_wconf 77' lang='lat' dir='ltr'><strong>uerba,</strong></span> <span class='ocrx_word' id='word_1_181' title='bbox 439 2479 521 2543; x_wconf 86' lang='lat' dir='ltr'><strong>quaa</strong></span> <span class='ocrx_word' id='word_1_182' title='bbox 543 2456 644 2520; x_wconf 84' lang='lat' dir='ltr'><strong>etiam</strong></span> <span class='ocrx_word' id='word_1_183' title='bbox 669 2456 701 2519; x_wconf 96' lang='lat' dir='ltr'><strong>in</strong></span> <span class='ocrx_word' id='word_1_184' title='bbox 718 2455 931 2523; x_wconf 84' lang='lat' dir='ltr'><strong>Bebberiaua</strong></span> <span class='ocrx_word' id='word_1_185' title='bbox 946 2455 1088 2535; x_wconf 84' lang='lat' dir='ltr'><strong>editione</strong></span> <span class='ocrx_word' id='word_1_186' title='bbox 1110 2476 1165 2518; x_wconf 87' lang='lat' dir='ltr'><strong>ex-</strong></span> 
     </span>
     <span class='ocr_line' id='line_1_22' title="bbox 60 2565 1165 2653; baseline -0.005 -18"><span class='ocrx_word' id='word_1_187' title='bbox 60 2569 226 2653; x_wconf 77' lang='lat' dir='ltr'><strong>hibentur,</strong></span> <span class='ocrx_word' id='word_1_188' title='bbox 252 2589 349 2633; x_wconf 89' lang='lat' dir='ltr'><strong>sensu</strong></span> <span class='ocrx_word' id='word_1_189' title='bbox 372 2589 469 2632; x_wconf 81' lang='lat' dir='ltr'><strong>nassa</strong></span> <span class='ocrx_word' id='word_1_190' title='bbox 491 2575 576 2634; x_wconf 89' lang='lat' dir='ltr'><strong>sunt.</strong></span> <span class='ocrx_word' id='word_1_191' title='bbox 626 2566 720 2639; x_wconf 73' lang='lat' dir='ltr'><strong>Quod</strong></span> <span class='ocrx_word' id='word_1_192' title='bbox 747 2568 833 2632; x_wconf 87' lang='lat' dir='ltr'><strong>enim</strong></span> <span class='ocrx_word' id='word_1_193' title='bbox 855 2565 1165 2650; x_wconf 76' lang='lat' dir='ltr'><strong>Hengstenbergius</strong></span> 
     </span>
     <span class='ocr_line' id='line_1_23' title="bbox 59 2677 1166 2766; baseline -0.005 -21"><span class='ocrx_word' id='word_1_194' title='bbox 59 2680 161 2745; x_wconf 81' lang='lat' dir='ltr'><strong>vertit</strong></span> <span class='ocrx_word' id='word_1_195' title='bbox 188 2681 284 2744; x_wconf 74' lang='lat' dir='ltr'><strong>dana</strong></span> <span class='ocrx_word' id='word_1_196' title='bbox 314 2677 426 2742; x_wconf 81' lang='grc' dir='ltr'><strong><em>Ιιαόιιι</em></strong></span> <span class='ocrx_word' id='word_1_197' title='bbox 452 2679 520 2743; x_wconf 78' lang='lat' dir='ltr'><strong>mir</strong></span> <span class='ocrx_word' id='word_1_198' title='bbox 543 2682 706 2766; x_wconf 57' lang='grc' dir='ltr'><strong><em>ξακυιξζτ,</em></strong></span> <span class='ocrx_word' id='word_1_199' title='bbox 741 2679 820 2742; x_wconf 75' lang='lat' dir='ltr'><strong>dara</strong></span> <span class='ocrx_word' id='word_1_200' title='bbox 847 2680 909 2743; x_wconf 76' lang='lat' dir='ltr'><strong>dua</strong></span> <span class='ocrx_word' id='word_1_201' title='bbox 942 2702 1020 2744; x_wconf 76' lang='lat' dir='ltr'><strong>was</strong></span> <span class='ocrx_word' id='word_1_202' title='bbox 1049 2682 1166 2742; x_wconf 78' lang='lat' dir='ltr'><strong>einer</strong></span> 
     </span>
     <span class='ocr_line' id='line_1_24' title="bbox 52 2788 1165 2877; baseline 0 -23"><span class='ocrx_word' id='word_1_203' title='bbox 52 2791 186 2871; x_wconf 68' lang='lat' dir='ltr'><strong>jedeia</strong></span> <span class='ocrx_word' id='word_1_204' title='bbox 210 2789 267 2854; x_wconf 71' lang='lat' dir='ltr'><strong>bea·</strong></span> <span class='ocrx_word' id='word_1_205' title='bbox 286 2791 432 2877; x_wconf 79' lang='lat' dir='ltr'><strong>einigen</strong></span> <span class='ocrx_word' id='word_1_206' title='bbox 454 2789 607 2854; x_wconf 73' lang='lat' dir='ltr'><strong>dasselbe</strong></span> <span class='ocrx_word' id='word_1_207' title='bbox 627 2793 675 2854; x_wconf 76' lang='grc' dir='ltr'><strong><em>τ’τι</em></strong></span> <span class='ocrx_word' id='word_1_208' title='bbox 696 2789 859 2854; x_wconf 83' lang='lat' dir='ltr'><strong>constanti</strong></span> <span class='ocrx_word' id='word_1_209' title='bbox 882 2789 1072 2854; x_wconf 82' lang='lat' dir='ltr'><strong>Aristotelis</strong></span> <span class='ocrx_word' id='word_1_210' title='bbox 1093 2788 1165 2854; x_wconf 90' lang='lat' dir='ltr'><strong>usui</strong></span> 
     </span>
     <span class='ocr_line' id='line_1_25' title="bbox 60 2899 1171 2986; baseline 0 -21"><span class='ocrx_word' id='word_1_211' title='bbox 60 2907 242 2984; x_wconf 79' lang='lat' dir='ltr'><strong>repugnat3</strong></span> <span class='ocrx_word' id='word_1_212' title='bbox 273 2922 313 2964; x_wconf 88' lang='lat' dir='ltr'><strong>ea</strong></span> <span class='ocrx_word' id='word_1_213' title='bbox 341 2902 427 2964; x_wconf 89' lang='lat' dir='ltr'><strong>euim</strong></span> <span class='ocrx_word' id='word_1_214' title='bbox 455 2923 521 2986; x_wconf 87' lang='lat' dir='ltr'><strong>res,</strong></span> <span class='ocrx_word' id='word_1_215' title='bbox 550 2903 644 2982; x_wconf 85' lang='lat' dir='ltr'><strong>eujus</strong></span> <span class='ocrx_word' id='word_1_216' title='bbox 672 2899 760 2963; x_wconf 84' lang='lat' dir='ltr'><strong>natio</strong></span> <span class='ocrx_word' id='word_1_217' title='bbox 784 2923 823 2966; x_wconf 86' lang='lat' dir='ltr'><strong>ne</strong></span> <span class='ocrx_word' id='word_1_218' title='bbox 845 2902 1029 2965; x_wconf 86' lang='lat' dir='ltr'><strong>substantia</strong></span> <span class='ocrx_word' id='word_1_219' title='bbox 1049 2921 1109 2986; x_wconf 87' lang='lat' dir='ltr'><strong>per</strong></span> <span class='ocrx_word' id='word_1_220' title='bbox 1130 2899 1171 2974; x_wconf 80' lang='grc' dir='ltr'><strong><em>τό</em></strong></span> 
     </span>
     <span class='ocr_line' id='line_1_26' title="bbox 61 3010 1166 3097; baseline -0.001 -21"><span class='ocrx_word' id='word_1_221' title='bbox 61 3016 91 3077; x_wconf 78' lang='grc' dir='ltr'><strong><em>τί</em></strong></span> <span class='ocrx_word' id='word_1_222' title='bbox 113 3010 154 3097; x_wconf 81' lang='grc' dir='ltr'><strong>ἦν</strong></span> <span class='ocrx_word' id='word_1_223' title='bbox 175 3014 257 3075; x_wconf 77' lang='grc' dir='ltr'><strong><em>εἶναι</em></strong></span> <span class='ocrx_word' id='word_1_224' title='bbox 281 3010 501 3095; x_wconf 78' lang='lat' dir='ltr'><strong>significatur,</strong></span> <span class='ocrx_word' id='word_1_225' title='bbox 530 3010 583 3078; x_wconf 84' lang='lat' dir='ltr'><strong>vel</strong></span> <span class='ocrx_word' id='word_1_226' title='bbox 611 3034 690 3076; x_wconf 84' lang='lat' dir='ltr'><strong>nasu</strong></span> <span class='ocrx_word' id='word_1_227' title='bbox 720 3012 828 3077; x_wconf 76' lang='lat' dir='ltr'><strong>‹iativo</strong></span> <span class='ocrx_word' id='word_1_228' title='bbox 856 3011 1008 3092; x_wconf 78' lang='lat' dir='ltr'><strong>adjicitur</strong></span> <span class='ocrx_word' id='word_1_229' title='bbox 1029 3013 1071 3074; x_wconf 87' lang='lat' dir='ltr'><strong>ad</strong></span> <span class='ocrx_word' id='word_1_230' title='bbox 1092 3035 1118 3073; x_wconf 88' lang='grc' dir='ltr'><strong><em>τ.</em></strong></span> <span class='ocrx_word' id='word_1_231' title='bbox 1139 3034 1166 3076; x_wconf 89' lang='grc' dir='ltr'><strong>τ.</strong></span> 
     </span>
     <span class='ocr_line' id='line_1_27' title="bbox 60 3121 1167 3209; baseline -0.001 -24"><span class='ocrx_word' id='word_1_232' title='bbox 60 3147 90 3207; x_wconf 92' lang='grc' dir='ltr'><strong>η.</strong></span> <span class='ocrx_word' id='word_1_233' title='bbox 112 3146 137 3197; x_wconf 80' lang='grc' dir='ltr'><strong><em>ε,</em></strong></span> <span class='ocrx_word' id='word_1_234' title='bbox 159 3144 189 3188; x_wconf 88' lang='lat' dir='ltr'><strong>v.</strong></span> <span class='ocrx_word' id='word_1_235' title='bbox 212 3144 244 3204; x_wconf 82' lang='lat' dir='ltr'><strong>g.</strong></span> <span class='ocrx_word' id='word_1_236' title='bbox 266 3129 307 3196; x_wconf 87' lang='lat' dir='ltr'><strong>Z,</strong></span> <span class='ocrx_word' id='word_1_237' title='bbox 334 3129 364 3191; x_wconf 86' lang='grc'><strong>6.</strong></span> <span class='ocrx_word' id='word_1_238' title='bbox 389 3143 418 3205; x_wconf 81' lang='lat' dir='ltr'><strong>p.</strong></span> <span class='ocrx_word' id='word_1_239' title='bbox 444 3122 596 3193; x_wconf 76' lang='lat'>1031117.</span> <span class='ocrx_word' id='word_1_240' title='bbox 620 3122 655 3186; x_wconf 86' lang='grc' dir='ltr'><strong><em>τό</em></strong></span> <span class='ocrx_word' id='word_1_241' title='bbox 679 3125 708 3186; x_wconf 83' lang='grc' dir='ltr'><strong><em>τί</em></strong></span> <span class='ocrx_word' id='word_1_242' title='bbox 728 3121 768 3206; x_wconf 79' lang='grc' dir='ltr'><strong>ἦν</strong></span> <span class='ocrx_word' id='word_1_243' title='bbox 789 3124 870 3184; x_wconf 75' lang='grc' dir='ltr'><strong><em>εἶναι</em></strong></span> <span class='ocrx_word' id='word_1_244' title='bbox 891 3122 1003 3209; x_wconf 74' lang='grc' dir='ltr'><strong>ἐκείνῳ.</strong></span> <span class='ocrx_word' id='word_1_245' title='bbox 1045 3127 1087 3196; x_wconf 90' lang='grc' dir='ltr'><strong><em>Ζ,</em></strong></span> <span class='ocrx_word' id='word_1_246' title='bbox 1117 3126 1167 3198; x_wconf 82' lang='lat'><strong>10,</strong></span> 
     </span>
     <span class='ocr_line' id='line_1_28' title="bbox 62 3234 1166 3317; baseline -0.003 -15"><span class='ocrx_word' id='word_1_247' title='bbox 62 3253 95 3316; x_wconf 84' lang='lat' dir='ltr'><strong>p.</strong></span> <span class='ocrx_word' id='word_1_248' title='bbox 121 3234 290 3304; x_wconf 73' lang='lat' dir='ltr'><strong>rotabit.</strong></span> <span class='ocrx_word' id='word_1_249' title='bbox 324 3239 359 3307; x_wconf 86' lang='grc' dir='ltr'><strong>Δ,</strong></span> <span class='ocrx_word' id='word_1_250' title='bbox 385 3236 433 3303; x_wconf 83' lang='grc'><strong>17.</strong></span> <span class='ocrx_word' id='word_1_251' title='bbox 457 3253 488 3315; x_wconf 90' lang='lat' dir='ltr'><strong>p.</strong></span> <span class='ocrx_word' id='word_1_252' title='bbox 513 3237 660 3314; x_wconf 71' lang='lat' dir='ltr'><strong>lumen,</strong></span> <span class='ocrx_word' id='word_1_253' title='bbox 687 3236 736 3303; x_wconf 84' lang='lat'><strong>18.</strong></span> <span class='ocrx_word' id='word_1_254' title='bbox 759 3251 791 3314; x_wconf 78' lang='lat' dir='ltr'><strong>p.</strong></span> <span class='ocrx_word' id='word_1_255' title='bbox 818 3235 986 3308; x_wconf 68' lang='lat' dir='ltr'><strong>mearat.</strong></span> <span class='ocrx_word' id='word_1_256' title='bbox 1018 3236 1059 3308; x_wconf 87' lang='lat' dir='ltr'><strong>H,</strong></span> <span class='ocrx_word' id='word_1_257' title='bbox 1080 3239 1111 3303; x_wconf 82' lang='lat' dir='ltr'><strong>u.</strong></span> <span class='ocrx_word' id='word_1_258' title='bbox 1135 3254 1166 3317; x_wconf 90' lang='lat' dir='ltr'><strong>p.</strong></span> 
     </span>
     <span class='ocr_line' id='line_1_29' title="bbox 63 3342 1166 3429; baseline 0.003 -23"><span class='ocrx_word' id='word_1_259' title='bbox 63 3349 251 3426; x_wconf 74' lang='lat' dir='ltr'><strong>1045a33.,</strong></span> <span class='ocrx_word' id='word_1_260' title='bbox 283 3342 353 3427; x_wconf 81' lang='lat' dir='ltr'><strong>vel,</strong></span> <span class='ocrx_word' id='word_1_261' title='bbox 386 3344 471 3429; x_wconf 86' lang='lat' dir='ltr'><strong>quod</strong></span> <span class='ocrx_word' id='word_1_262' title='bbox 499 3343 606 3406; x_wconf 90' lang='lat' dir='ltr'><strong>rarius</strong></span> <span class='ocrx_word' id='word_1_263' title='bbox 633 3349 703 3427; x_wconf 88' lang='lat' dir='ltr'><strong>est,</strong></span> <span class='ocrx_word' id='word_1_264' title='bbox 736 3362 815 3405; x_wconf 84' lang='lat' dir='ltr'><strong>nasu</strong></span> <span class='ocrx_word' id='word_1_265' title='bbox 844 3343 987 3426; x_wconf 83' lang='lat' dir='ltr'><strong>genitivo</strong></span> <span class='ocrx_word' id='word_1_266' title='bbox 1014 3350 1054 3418; x_wconf 89' lang='lat' dir='ltr'><strong>Z,</strong></span> <span class='ocrx_word' id='word_1_267' title='bbox 1081 3347 1112 3414; x_wconf 83' lang='grc'><strong>7.</strong></span> <span class='ocrx_word' id='word_1_268' title='bbox 1135 3364 1166 3427; x_wconf 88' lang='lat' dir='ltr'><strong>p.</strong></span> 
     </span>
     <span class='ocr_line' id='line_1_30' title="bbox 67 3451 1167 3542; baseline 0 -25"><span class='ocrx_word' id='word_1_269' title='bbox 67 3454 222 3526; x_wconf 78' lang='lat' dir='ltr'><strong>1032b2.</strong></span> <span class='ocrx_word' id='word_1_270' title='bbox 250 3453 286 3516; x_wconf 83' lang='grc' dir='ltr'><strong><em>τό</em></strong></span> <span class='ocrx_word' id='word_1_271' title='bbox 313 3456 342 3516; x_wconf 80' lang='grc' dir='ltr'><strong><em>τί</em></strong></span> <span class='ocrx_word' id='word_1_272' title='bbox 368 3453 407 3540; x_wconf 78' lang='grc' dir='ltr'><strong>ἦν</strong></span> <span class='ocrx_word' id='word_1_273' title='bbox 423 3456 511 3519; x_wconf 77' lang='grc' dir='ltr'><strong>Ιεἶναι</strong></span> <span class='ocrx_word' id='word_1_274' title='bbox 531 3451 678 3532; x_wconf 77' lang='grc' dir='ltr'><strong><em>ἑκάστου,</em></strong></span> <span class='ocrx_word' id='word_1_275' title='bbox 707 3475 882 3542; x_wconf 82' lang='lat' dir='ltr'><strong>numquam</strong></span> <span class='ocrx_word' id='word_1_276' title='bbox 911 3452 1109 3519; x_wconf 77' lang='lat' dir='ltr'><strong>nominativo</strong></span> <span class='ocrx_word' id='word_1_277' title='bbox 1127 3454 1167 3537; x_wconf 72' lang='grc' dir='ltr'><strong>ι),</strong></span> 
     </span>
    </p>
   </div>
   <div class='ocr_carea' id='block_1_5' title="bbox 59 3687 1168 4101">
    <p class='ocr_par' dir='ltr' id='par_1_6' title="bbox 59 3687 1167 4012">
     <span class='ocr_line' id='line_1_31' title="bbox 136 3687 1167 3762; baseline 0.003 -21"><span class='ocrx_word' id='word_1_278' title='bbox 136 3687 164 3754; x_wconf 85' lang='grc'><strong>1)</strong></span> <span class='ocrx_word' id='word_1_279' title='bbox 181 3687 225 3740; x_wconf 86' lang='lat' dir='ltr'><strong>Ex</strong></span> <span class='ocrx_word' id='word_1_280' title='bbox 239 3687 292 3743; x_wconf 84' lang='lat' dir='ltr'><strong>bor</strong></span> <span class='ocrx_word' id='word_1_281' title='bbox 311 3690 444 3744; x_wconf 80' lang='lat' dir='ltr'><strong>onustanti</strong></span> <span class='ocrx_word' id='word_1_282' title='bbox 461 3708 510 3743; x_wconf 89' lang='lat' dir='ltr'><strong>usu</strong></span> <span class='ocrx_word' id='word_1_283' title='bbox 530 3709 583 3745; x_wconf 86' lang='lat' dir='ltr'><strong>nou</strong></span> <span class='ocrx_word' id='word_1_284' title='bbox 601 3691 773 3746; x_wconf 76' lang='lat' dir='ltr'><strong>dubitaverim</strong></span> <span class='ocrx_word' id='word_1_285' title='bbox 792 3690 930 3744; x_wconf 83' lang='lat' dir='ltr'><strong>emendare</strong></span> <span class='ocrx_word' id='word_1_286' title='bbox 947 3689 1033 3745; x_wconf 80' lang='lat' dir='ltr'><strong>inrum</strong></span> <span class='ocrx_word' id='word_1_287' title='bbox 1050 3694 1167 3762; x_wconf 78' lang='lat' dir='ltr'><strong>ejusdem</strong></span> 
     </span>
     <span class='ocr_line' id='line_1_32' title="bbox 59 3770 1167 3848; baseline 0.005 -24"><span class='ocrx_word' id='word_1_288' title='bbox 59 3770 127 3829; x_wconf 78' lang='lat' dir='ltr'><strong>&#39;libri</strong></span> <span class='ocrx_word' id='word_1_289' title='bbox 145 3774 251 3842; x_wconf 81' lang='lat' dir='ltr'><strong>septimi</strong></span> <span class='ocrx_word' id='word_1_290' title='bbox 269 3776 302 3840; x_wconf 84' lang='lat' dir='ltr'><strong>Z,</strong></span> <span class='ocrx_word' id='word_1_291' title='bbox 320 3780 345 3827; x_wconf 77' lang='lat' dir='ltr'><strong>lt.</strong></span> <span class='ocrx_word' id='word_1_292' title='bbox 360 3791 388 3844; x_wconf 77' lang='lat' dir='ltr'><strong>p.</strong></span> <span class='ocrx_word' id='word_1_293' title='bbox 408 3775 543 3829; x_wconf 56' lang='lat' dir='ltr'>102th&amp;</span> <span class='ocrx_word' id='word_1_294' title='bbox 562 3777 618 3840; x_wconf 75' lang='lat' dir='ltr'><strong>(ur.</strong></span> <span class='ocrx_word' id='word_1_295' title='bbox 631 3783 690 3842; x_wconf 75' lang='lat'><strong>132,</strong></span> <span class='ocrx_word' id='word_1_296' title='bbox 704 3779 754 3844; x_wconf 81' lang='lat' dir='ltr'><strong>lt.)</strong></span> <span class='ocrx_word' id='word_1_297' title='bbox 771 3808 805 3818; x_wconf 94' lang='lat'><em>-</em></span> <span class='ocrx_word' id='word_1_298' title='bbox 821 3777 932 3848; x_wconf 69' lang='grc' dir='ltr'><strong><em>εἴπωμεν</em></strong></span> <span class='ocrx_word' id='word_1_299' title='bbox 949 3805 995 3841; x_wconf 86' lang='grc'><strong><em>-,</em></strong></span> <span class='ocrx_word' id='word_1_300' title='bbox 1018 3776 1056 3829; x_wconf 81' lang='grc' dir='ltr'><strong><em>ὅτι</em></strong></span> <span class='ocrx_word' id='word_1_301' title='bbox 1072 3778 1123 3828; x_wconf 76' lang='grc' dir='ltr'><strong><em>ἔστι</em></strong></span> <span class='ocrx_word' id='word_1_302' title='bbox 1139 3776 1167 3830; x_wconf 80' lang='grc' dir='ltr'><strong><em>τὰ</em></strong></span> 
     </span>
     <span class='ocr_line' id='line_1_33' title="bbox 63 3851 1167 3930; baseline 0.004 -21"><span class='ocrx_word' id='word_1_303' title='bbox 63 3859 89 3909; x_wconf 79' lang='lat' dir='ltr'><strong>tt</strong></span> <span class='ocrx_word' id='word_1_304' title='bbox 106 3851 138 3922; x_wconf 78' lang='grc' dir='ltr'><strong>ἦν</strong></span> <span class='ocrx_word' id='word_1_305' title='bbox 160 3859 227 3910; x_wconf 78' lang='grc' dir='ltr'><strong><em>εἶναι</em></strong></span> <span class='ocrx_word' id='word_1_306' title='bbox 244 3859 356 3912; x_wconf 54' lang='grc' dir='ltr'><strong><em>,ἕκαστον</em></strong></span> <span class='ocrx_word' id='word_1_307' title='bbox 378 3856 393 3910; x_wconf 77' lang='grc' dir='ltr'><strong>δ’</strong></span> <span class='ocrx_word' id='word_1_308' title='bbox 418 3859 516 3928; x_wconf 77' lang='grc' dir='ltr'><strong><em>λέγεται</em></strong></span> <span class='ocrx_word' id='word_1_309' title='bbox 539 3861 601 3912; x_wconf 73' lang='grc' dir='ltr'><strong><em>καθ’</em></strong></span> <span class='ocrx_word' id='word_1_310' title='bbox 619 3862 689 3914; x_wconf 76' lang='grc' dir='ltr'><strong><em>αὑτό.</em></strong></span> <span class='ocrx_word' id='word_1_311' title='bbox 724 3860 802 3914; x_wconf 75' lang='lat' dir='ltr'><strong>Haeo</strong></span> <span class='ocrx_word' id='word_1_312' title='bbox 818 3860 898 3915; x_wconf 82' lang='lat' dir='ltr'><strong>verba</strong></span> <span class='ocrx_word' id='word_1_313' title='bbox 918 3860 1167 3930; x_wconf 80' lang='lat' dir='ltr'><strong>Hengstenbargius</strong></span> 
     </span>
     <span class='ocr_line' id='line_1_34' title="bbox 64 3942 1166 4012; baseline 0.004 -18"><span class='ocrx_word' id='word_1_314' title='bbox 64 3951 139 3994; x_wconf 82' lang='lat' dir='ltr'><strong>recta</strong></span> <span class='ocrx_word' id='word_1_315' title='bbox 158 3942 261 4010; x_wconf 85' lang='lat' dir='ltr'><strong>quidem</strong></span> <span class='ocrx_word' id='word_1_316' title='bbox 279 3943 315 3997; x_wconf 86' lang='lat' dir='ltr'><strong>ita</strong></span> <span class='ocrx_word' id='word_1_317' title='bbox 334 3943 531 4012; x_wconf 79' lang='lat' dir='ltr'><strong>interpretatur,</strong></span> <span class='ocrx_word' id='word_1_318' title='bbox 550 3954 580 3995; x_wconf 91' lang='lat' dir='ltr'><strong>ut</strong></span> <span class='ocrx_word' id='word_1_319' title='bbox 597 3944 705 3999; x_wconf 77' lang='grc' dir='ltr'><strong><em>ἕκαστον</em></strong></span> <span class='ocrx_word' id='word_1_320' title='bbox 724 3963 777 3999; x_wconf 90' lang='lat' dir='ltr'><strong>non</strong></span> <span class='ocrx_word' id='word_1_321' title='bbox 796 3946 826 3998; x_wconf 82' lang='lat' dir='ltr'><strong>ad</strong></span> <span class='ocrx_word' id='word_1_322' title='bbox 844 3965 865 3999; x_wconf 86' lang='grc' dir='ltr'><strong>τ.</strong></span> <span class='ocrx_word' id='word_1_323' title='bbox 882 3964 903 3998; x_wconf 87' lang='grc' dir='ltr'><strong>τ.</strong></span> <span class='ocrx_word' id='word_1_324' title='bbox 922 3966 944 4010; x_wconf 83' lang='grc' dir='ltr'><strong>η.</strong></span> <span class='ocrx_word' id='word_1_325' title='bbox 962 3963 982 3998; x_wconf 83' lang='grc' dir='ltr'><strong>ι.</strong></span> <span class='ocrx_word' id='word_1_326' title='bbox 994 3944 1101 4011; x_wconf 84' lang='lat' dir='ltr'><strong>referat,</strong></span> <span class='ocrx_word' id='word_1_327' title='bbox 1119 3947 1166 3998; x_wconf 77' lang='lat' dir='ltr'><strong>seit</strong></span> 
     </span>
    </p>

    <p class='ocr_par' dir='ltr' id='par_1_7' title="bbox 64 4019 1168 4101">
     <span class='ocr_line' id='line_1_35' title="bbox 64 4019 1168 4101; baseline 0.003 -22"><span class='ocrx_word' id='word_1_328' title='bbox 64 4025 211 4095; x_wconf 78' lang='lat' dir='ltr'><strong>praedicati</strong></span> <span class='ocrx_word' id='word_1_329' title='bbox 229 4025 287 4082; x_wconf 83' lang='lat' dir='ltr'><strong>toro</strong></span> <span class='ocrx_word' id='word_1_330' title='bbox 304 4038 400 4097; x_wconf 83' lang='lat' dir='ltr'><strong>ponat:</strong></span> <span class='ocrx_word' id='word_1_331' title='bbox 418 4027 479 4082; x_wconf 83' lang='lat' dir='ltr'><strong>dass</strong></span> <span class='ocrx_word' id='word_1_332' title='bbox 497 4027 544 4082; x_wconf 86' lang='lat' dir='ltr'><strong>das</strong></span> <span class='ocrx_word' id='word_1_333' title='bbox 561 4043 628 4082; x_wconf 83' lang='lat' dir='ltr'><strong>was</strong></span> <span class='ocrx_word' id='word_1_334' title='bbox 641 4030 728 4101; x_wconf 63' lang='lat' dir='ltr'><strong>jabim</strong></span> <span class='ocrx_word' id='word_1_335' title='bbox 738 4031 776 4086; x_wconf 86' lang='lat' dir='ltr'><strong>ist</strong></span> <span class='ocrx_word' id='word_1_336' title='bbox 791 4019 837 4086; x_wconf 82' lang='lat' dir='ltr'><strong>das</strong></span> <span class='ocrx_word' id='word_1_337' title='bbox 855 4046 890 4085; x_wconf 80' lang='lat' dir='ltr'><strong>an</strong></span> <span class='ocrx_word' id='word_1_338' title='bbox 907 4029 960 4083; x_wconf 90' lang='lat' dir='ltr'><strong>und</strong></span> <span class='ocrx_word' id='word_1_339' title='bbox 976 4029 1020 4085; x_wconf 80' lang='lat' dir='ltr'><strong>fiir</strong></span> <span class='ocrx_word' id='word_1_340' title='bbox 1035 4029 1091 4085; x_wconf 82' lang='lat' dir='ltr'><strong>sich</strong></span> <span class='ocrx_word' id='word_1_341' title='bbox 1109 4047 1168 4084; x_wconf 87' lang='lat' dir='ltr'><strong>aus·</strong></span> 
     </span>
    </p>
   </div>
   <div class='ocr_carea' id='block_1_6' title="bbox 0 0 1312 4388">
    <p class='ocr_par' dir='ltr' id='par_1_8' title="bbox 0 0 1312 4388">
     <span class='ocr_line' id='line_1_36' title="bbox 0 0 1312 4388; baseline 0 0"><span class='ocrx_word' id='word_1_342' title='bbox 0 0 1312 4388; x_wconf 95' lang='lat' dir='ltr'><strong> </strong></span> 
     </span>
    </p>
   </div>
  </div>
 </body>
</html>
