2602 4388
1129 192 1173 258 29

67 371 176 418 rorum
203 346 333 416 rationo
360 347 514 416 definitae
539 356 631 435 snut,
660 346 839 432 subjectum
867 353 1028 440 quandam
1052 353 1173 422 hubent

66 461 362 547 ronteriom‚-quno
384 480 427 525 cx
449 459 509 525 illo
529 462 658 527 rationo
675 459 850 524 distributo
870 464 1044 544 conjuncto
1065 467 1174 532 ‹leter-

67 571 192 634 minnto
221 569 282 656 sit,
316 571 392 635 intlo
425 570 648 658 consequitur,
682 569 773 635 ideas
807 571 927 655 etium,
961 596 1097 661 querum
1130 580 1172 645 ml

10 716 12 743 ι
65 678 251 765 exemplum
273 701 328 745 res
349 679 522 746 sensibiles
544 680 705 746 formatus
727 703 801 746 esso
823 681 954 767 volunt,
984 706 1048 749 non
1077 688 1171 765 obss

65 791 131 856 tute
154 797 189 855 et
212 811 272 874 por
294 813 331 856 so
352 810 507 853 numeros
529 809 617 872 csso,
641 793 699 855 soll
723 791 838 856 referri
862 793 903 856 nd
927 792 1058 878 aliquid,
1080 800 1171 887 cujus

66 902 228 966 rationem
259 919 396 965 numero
423 898 597 982 deliniunt,
631 899 719 964 ἔσται
749 899 766 966 ὅ
797 900 1054 988 αὐτοάνθρωπος
1080 906 1172 986 λόγος

64 1120 328 1207 interrumpitur,
354 1138 450 1203 quum
478 1117 585 1182 ἄλλων
610 1125 705 1185 τινῶν
730 1118 943 1203 ὑποκειμένων
969 1122 1057 1188 ἔσται
1084 1145 1170 1189 οοιη-

64 1238 152 1296 rnutc
173 1231 347 1295 dirimatur
369 1250 390 1292 a
408 1226 499 1314 καὶὴ
521 1228 592 1292 ἰδέα
614 1226 759 1314 ἀριθμός.
805 1230 857 1294 Ex
879 1231 940 1297 huc
957 1234 1042 1297 enim
1059 1235 1171 1300 distin·

63 1341 172 1405 ctione
200 1339 381 1420 subjectum
409 1338 450 1402 ad
477 1337 565 1401 ἔσται
592 1344 803 1423 ropetcmlum
830 1347 922 1407 oste
951 1344 1172 1430 superioribus

63 1450 263 1532 ὁΚαΙλίας,
293 1455 391 1534 atquo
412 1447 511 1532 plone
534 1449 618 1514 idem
646 1451 678 1513 in
702 1450 836 1536 spodosi
859 1451 1072 1539 philosophus
1094 1479 1170 1521 con-

62 1561 177 1643 cludit,
200 1561 284 1645 qnod
307 1558 338 1622 in
363 1558 485 1642 protasi
500 1561 621 1644 posuit:
644 1564 679 1625 ei
690 1559 789 1626 bomo
804 1562 1005 1647 singularis
1019 1578 1072 1630 eet
1086 1590 1170 1651 pro-

60 1674 181 1758 portio
204 1672 361 1734 carimeris
377 1670 493 1754 flm'tu
517 1672 617 1759 agnis
638 1682 758 1736 terrae
779 1693 893 1755 aquae
914 1676 1029 1758 uiris,
1056 1697 1170 1741 conse-

64 1783 192 1868 quitur
218 1791 259 1843 ut
285 1783 336 1844 sit
361 1784 550 1865 proportio
582 1780 755 1862 subjectae
785 1783 965 1863 orujuedam
991 1789 1169 1855 materiae.

63 1892 170 1955 lmrno
210 1890 433 1975 superioribus
470 1890 578 1957 vorbis
618 1890 760 1976 φανερὸν
795 1893 845 1956 ὅτι
884 1899 936 1955 καὶ
976 1892 1091 1959 αὐτοὶ
1130 1895 1168 1961 oi

63 2001 233 2089 ἀριθμοὶ
253 2000 334 2064 sotis
355 2007 471 2085 aperto
492 1999 704 2085 significauit,
728 2021 764 2064 sc
792 2021 813 2063 a
838 2001 938 2066 rebus
960 2005 1168 2071 sensibilibus

61 2113 205 2178 transire
233 2109 319 2175 velle
347 2113 389 2175 ml
417 2111 519 2178 ideas.
577 2111 692 2196 ltaque
719 2119 881 2177 commate
909 2113 1016 2179 deleto
1042 2117 1168 2181 scribas

62 2224 170 2289 ἄλλων
190 2224 285 2285 τινοῖν
304 2217 515 2304 ὑποκειμένων
534 2220 692 2284 ἐστονκαὶ
712 2219 731 2305 ἦ
754 2221 824 2284 ἰδέα
844 2222 980 2308 ἀριθμός
1002 2224 1022 2289 i.
1039 2247 1067 2290 e.
1093 2227 1168 2293 imlo

62 2332 207 2401 efficitur
227 2338 263 2395 nt
284 2330 383 2394 otiam
412 2330 487 2395 idea
509 2351 663 2395 numerus
685 2331 813 2394 sitnon
837 2332 1003 2418 obsolute,
1032 2337 1088 2400 sco
1111 2358 1169 2402 nu·

62 2464 174 2511 merus
196 2441 322 2507 relatus
344 2443 386 2504 ml
408 2439 497 2504 oliutl
518 2440 594 2527 quill
617 2442 647 2505 ci
663 2442 843 2521 subjectum
857 2442 886 2525 ¹)
908 2479 951 2492 —-
973 2443 1038 2510 Sctl
1054 2448 1170 2512 redes.

62 2576 138 2620 mus
166 2554 208 2616 nd
237 2572 310 2618 cum
338 2550 445 2614 locum
473 2549 547 2613 libri
574 2551 835 2635 quartidecimi,
864 2554 948 2617 unde
976 2575 1096 2620 exorso
1117 2563 1170 2623 est

61 2672 178 2730 nostru
205 2661 390 2746 disputatio.
435 2659 488 2725 lbi
516 2659 616 2744 igitur
643 2664 685 2726 ml
707 2660 906 2726 refellendos
935 2671 1086 2729 suctores
1113 2669 1168 2732 do·

59 2775 189 2842 ctrinae
210 2792 418 2836 numerorum
441 2768 565 2855 pariter
587 2778 684 2856 utque
708 2770 774 2837 illic
792 2770 945 2855 inprime
960 2772 1043 2838 libro
1059 2777 1168 2842 rerum

61 2882 277 2969 singularium
301 2888 451 2945 naturum
474 2901 539 2943 non
565 2879 757 2964 simpliciter
784 2882 945 2967 numeris,
974 2888 1031 2950 sed
1060 2894 1166 2950 corto·

58 3018 134 3061 rum
164 2993 365 3079 quorundum
394 2989 630 3056 clementorum
661 2992 804 3056 numeris
835 3013 1010 3077 eorumque
1037 2994 1167 3060 rationo

60 3103 193 3171 deliniri
216 3105 427 3168 (lcmonstrat.
471 3100 521 3164 ὅτι
543 3100 579 3163 δὲ
601 3096 659 3181 οὔχ
680 3099 711 3164 oi
732 3099 865 3183 inuium
890 3101 995 3166 οὐσίαι
1017 3101 1093 3170 οὐδὲ
1115 3110 1168 3192 τῆς

75 3305 200 3314 ...μ-...ο-
209 3305 224 3309 ··-
234 3301 263 3308 ⁶·-

130 3419 159 3486 1)
180 3416 211 3478 ln
229 3417 356 3472 extremis
373 3417 447 3471 allati
463 3415 513 3470 loci
531 3415 621 3469 verbis
638 3416 687 3470 vix
705 3424 768 3486 puto
786 3417 850 3472 ferri
869 3436 945 3489 posse
963 3421 1073 3484 καὶούκ
1089 3420 1165 3494 ἀριθ-

55 3503 111 3576 μός
133 3503 204 3569 nutlo
230 3518 262 3555 ac
285 3501 439 3571 simpliciter
460 3502 586 3570 positum.
631 3501 672 3554 Ita
695 3503 764 3555 enim
788 3504 886 3556 diceret
908 3504 1066 3556 Aristoteles
1094 3505 1167 3559 idon
1258 3520 1260 3526 ’

57 3585 213 3652 hominis,
242 3585 316 3638 sivo
339 3595 390 3636 cst
409 3602 561 3638 numerus
584 3585 655 3639 sivo
677 3603 739 3639 nnn
761 3596 811 3639 ost
833 3603 1000 3652 numerus,
1029 3606 1092 3642 non
1115 3599 1167 3642 est

56 3686 223 3724 numerus.
256 3669 301 3722 Ex
319 3668 443 3722 univorsa
459 3668 661 3722 ratiocinatione
677 3669 802 3737 conjicias
820 3670 994 3738 adiiciendum
1006 3672 1103 3734 cinisio,
1120 3672 1166 3723 καὶ

57 3755 107 3806 οὐκ
124 3752 241 3827 ἀριθμὸς
258 3753 347 3806 ἁπλοῖ
353 3769 373 3809 ς.
408 3752 480 3810 littae
499 3757 650 3823 conjectura
668 3770 699 3806 οο
719 3753 868 3806 confirmari
884 3755 999 3821 uidetur,
1018 3756 1086 3825 quod
1104 3755 1165 3807 Ale·

57 3839 164 3889 xantlsr
185 3838 214 3888 tn
231 3835 432 3900 commentario,
454 3833 498 3888 ubi
520 3854 570 3889 nos
591 3837 655 3890 nihil
681 3837 732 3890 nisi
754 3838 870 3912 ἀριθμός
895 3839 920 3890 in
944 3850 1021 3891 textu
1044 3837 1164 3905 legimus,

57 3922 138 3973 ruodo
156 3919 249 3973 scribit
265 3921 443 3993 αὐτοάριθμος
460 3935 485 3988 p·
496 3920 590 3985 ortus,
609 3923 685 3975 rrrotlo
703 3921 819 3997 ἀριθμὸς
835 3923 923 3979 ἅπλῶς
941 3939 966 3991 p.
983 3926 1102 3990 ettam,
1121 3921 1163 3987 bt,

56 4014 89 4058 ut
107 4004 251 4076 suspiceris
270 4022 328 4058 eum
345 3999 461 4079 ἀριθμὸς
477 4002 564 4061 ἅπλῶς
581 4006 608 4057 in
626 4017 703 4059 textu
720 4005 873 4060 Aristotelis
889 4005 1031 4076 reperisse.
