2602 4388
1104 244 1163 310 tta

55 396 131 463 etat
151 399 216 460 atat
236 395 279 462 vu
300 396 342 461 ἓν
362 399 444 473 τοῖς
464 388 622 462 εἴδεσιν.
655 394 767 464 Rebus
782 400 869 465 enim
892 401 998 488 ideae,
1020 398 1162 494 ideisque

56 506 140 592 ipeie
160 526 260 570 unum
282 527 401 605 ceuaaa
422 513 484 592 est,
507 527 572 571 non
594 515 760 594 tamquam
784 512 924 576 materia
944 512 997 578 vel
1016 537 1163 601 mouens,

56 619 116 684 aad
151 617 321 701 tamquam
353 615 443 679 notio
476 617 710 682 substantialis.
769 619 879 707 Atque
911 621 973 687 hoc
1004 627 1163 707 proximis

56 726 169 793 verbis
188 728 273 792 adeo
296 733 410 811 operte
425 725 622 792 Aristotelea
638 728 725 813 dicit,
747 737 783 794 ut
802 731 955 795 miremur
977 735 1082 800 adimo
1104 738 1164 803 hoc

57 840 211 904 mendum
233 836 429 919 editionibus
450 836 638 903 inhaerere:
675 839 758 904 eata
779 841 815 906 cd
837 845 866 904 ct
885 840 925 928 ἦν
946 845 1027 907 εἶναι
1047 844 1164 932 ἑκάστῳ

58 953 122 1013 cao
141 947 251 1012 ἄλλων
276 949 309 1032 (i.
326 969 355 1012 e.
376 958 441 1023 τοῖς
462 948 638 1032 αἰσθητοῖς)
659 948 700 1012 τοὶ
722 951 789 1036 εἴδη
810 956 1008 1038 παρέχονται,
1029 965 1109 1030 τοῖς
1130 956 1162 1019 δ’

59 1058 189 1123 εἴδεσι
209 1057 251 1124 ed
274 1062 330 1135 ἕνς
352 1065 386 1121 et
408 1055 518 1141 paullo
540 1063 618 1120 ente
639 1063 682 1134 A,
703 1066 734 1128 6.
756 1083 787 1145 p.
802 1068 940 1135 988a13.
967 1069 1046 1129 καθ’
1066 1060 1102 1152 ἧς
1122 1065 1164 1128 τοὶ

61 1168 129 1254 εἴδη
149 1172 210 1252 μὲν
231 1168 283 1232 ἐπὶ
303 1172 367 1232 τοῖν
387 1169 548 1253 αἰσθητῶν
569 1167 609 1232 τὸ
633 1168 666 1232 δ’
688 1173 730 1233 ἓν
751 1171 786 1232 ἐν
806 1182 871 1246 τοῖς
893 1173 988 1238 εἴδεσι
1000 1179 1127 1254 γίνεται.

143 1277 356 1343 Manifestum
391 1284 442 1342 eat
476 1298 518 1341 ex
552 1277 602 1342 uia
629 1279 806 1366 exemplis,
840 1301 935 1367 quum
965 1303 1092 1348 summa
1120 1285 1163 1349 sit

60 1387 200 1455 Graecia
214 1387 524 1454 commentatoribus
540 1389 717 1454 auctoritas
730 1389 904 1456 tribuenda
918 1390 952 1455 in
974 1399 1067 1458 textu
1088 1393 1163 1459 Ari-

58 1497 186 1564 etoteiia
208 1500 434 1564 constituendo
456 1504 493 1564 ct
514 1500 727 1584 emendando,
750 1523 822 1567 esse
843 1509 953 1566 tumen
969 1503 1024 1568 ubi
1047 1508 1164 1591 depra-

58 1609 145 1676 vatio
159 1616 274 1676 textus
287 1611 375 1675 nitra
390 1630 501 1676 eorum
517 1616 659 1673 aetatem
683 1613 826 1696 recedat,
849 1612 919 1678 sive
935 1613 1164 1680 animadversa

58 1721 98 1785 ab
127 1719 213 1805 illie,
246 1721 315 1787 sive
343 1740 408 1784 uon
435 1719 677 1785 animadversa.
743 1721 857 1807 ltaque
884 1742 947 1785 non
976 1743 1093 1788 venenu
1121 1745 1163 1790 no

59 1829 219 1897 audaciae
240 1829 295 1897 vei
318 1830 461 1894 invitatio
483 1829 629 1914 incuset,
658 1831 683 1894 ni
712 1831 835 1918 aliquot
865 1832 1163 1916 metaphysicorum

59 1941 149 2008 iocos
186 1941 403 2022 tentaverim,
435 1939 469 2004 in
502 1939 616 2025 quibus
648 1943 854 2022 conjecturas
886 1964 980 2008 meaa
1013 1943 1065 2009 vel
1098 1966 1164 2009 non

59 2051 182 2138 poesim
204 2051 398 2117 confirmare
419 2073 439 2115 e
459 2050 625 2116 veteribus
647 2053 968 2138 commentatoribus,
989 2054 1164 2123 ueletiam

59 2166 351 2250 aperte'reoedera
373 2162 501 2228 videam
524 2162 566 2226 ab
589 2182 700 2225 eornm
723 2168 826 2229 textu.
869 2162 984 2230 Pauca
1004 2167 1165 2247 ejusmodi

61 2274 92 2339 in
115 2274 227 2360 priore
249 2272 544 2358 metaphysicorum
573 2277 668 2358 purte
691 2271 800 2336 inveni
824 2272 984 2358 (Λ-Δ),
1013 2275 1109 2362 plura
1131 2276 1163 2343 iu

60 2384 260 2471 posteriore,
287 2386 381 2465 cujus
408 2389 442 2449 et
470 2389 581 2447 textus
604 2382 790 2448 mendosior
811 2389 861 2448 cat
883 2390 918 2450 et
938 2387 1164 2451 commentarii

61 2495 165 2560 multo
189 2496 346 2559 minorem
368 2492 490 2558 habent
511 2496 748 2560 auctoritatem·

147 2610 191 2681 A,
204 2612 235 2675 9.
260 2626 291 2690 ρ.
306 2607 455 2676 9921ι31.
478 2605 619 2690 (nean,
639 2605 701 2689 10.)
746 2604 865 2669 Errare
889 2604 1085 2671 Aristoteles
1107 2629 1165 2672 eos

61 2715 152 2800 dicit,
173 2715 226 2800 qui
248 2712 403 2780 ἁπάντων
422 2720 485 2780 τῶν
498 2711 600 2780 ὄντων
621 2715 786 2780 elementa
806 2723 841 2780 ct
855 2737 992 2782 caussae
1006 2726 1166 2803 quaerant

60 2829 199 2912 ejusque
230 2825 280 2892 rei
308 2825 478 2891 scientium
513 2846 587 2890 esee
618 2826 807 2911 opinentut3
836 2825 911 2891 inde
939 2827 1024 2893 enim
1053 2851 1165 2895 conae-

61 2956 165 3024 queua
186 2957 274 3019 esse,
297 2944 334 2999 ut
356 2936 435 2999 nihii
459 2943 536 3000 ante
550 2938 745 3021 cognovisse
762 2935 875 3021 possit,
897 2937 950 3022 qui
966 2939 1050 3003 hano
1064 2940 1166 3004 scieu-
1189 3012 1193 3019 ⁸

61 3048 142 3113 tiam
158 3052 296 3132 quaerat
306 3043 424 3132 (οὐθὲν
438 3043 549 3110 οἷόντε
563 3049 776 3132 προϋπάρχειν
789 3046 976 3131 γνωρίζονοοι
990 3046 1166 3132 πρότερον),

61 3175 193 3223 οοιοοοι
216 3177 294 3222 vcro
317 3155 487 3221 scientiam
503 3153 580 3248 ,fieri
597 3176 637 3218 cx
654 3155 860 3219 antecedenti
877 3155 1076 3239 cognitione:
1097 3163 1168 3222 καί·

61 3290 112 3334 τοι
132 3271 224 3332 πᾶσα
251 3267 389 3352 μάθησις
415 3264 471 3329 διὰ
496 3269 809 3349 προγιγνωσκομένων
833 3266 855 3352 ἢ
878 3268 1008 3330 πάντων
1034 3268 1169 3359 decutiet

62 3378 136 3453 ἔστι,
151 3382 203 3442 καὶ
217 3379 238 3463 ἢ
250 3377 297 3441 δι’
312 3376 503 3455 ἀποδείξεως
517 3377 537 3462 ἢ
552 3375 596 3439 δι’
611 3372 757 3459 ὁρισμῶν.
795 3373 842 3440 At
855 3396 918 3440 nou
936 3376 967 3440 id
983 3377 1054 3461 agit
1065 3377 1167 3462 philo·

63 3487 204 3573 cophne,
232 3495 268 3552 ut
289 3493 367 3572 quot
389 3487 454 3552 sint
475 3485 693 3571 cognoscendi
716 3506 840 3568 genera
861 3486 1027 3552 discernat
1048 3493 1082 3551 et
1105 3488 1168 3552 dio·

59 3600 200 3684 jungat,
228 3599 287 3663 sed
310 3602 362 3680 ut,
390 3604 545 3684 quotquot
567 3597 649 3680 aiut,
672 3599 850 3679 conjungat
871 3605 906 3662 ct
928 3596 1037 3661 omnia
1057 3599 1168 3681 cogni-

62 3710 187 3775 tionem
211 3709 460 3773 antecedentem
482 3709 646 3795 rcquirere
669 3709 885 3790 demonstret3
907 3730 1009 3796 quare
1024 3729 1087 3772 non
1104 3709 1168 3771 die-

59 3818 219 3902 junctivia
245 3818 414 3905 particulis
442 3818 541 3906 ἥ-ἦ,
573 3821 632 3884 sed
660 3814 874 3900 conjunctivis
901 3821 1056 3885 utendum
1084 3824 1168 3902 erat,

62 3931 181 4017 quibus
208 3931 308 3995 utitur
327 3928 427 3994 Anat.
448 3933 533 4014 post,
555 3927 583 4011 Ι,
607 3937 654 4011 1.,
683 3930 736 3993 ubi
764 3931 804 3995 de
832 3931 947 3995 endem
970 3951 1007 3995 re
1030 3931 1166 3995 eundem

114 4039 433 4094 animumannaa
946 4036 970 4102 8
