2602 4388
154 221 198 290 68

154 386 215 455 uisi
239 385 427 451 melioribus
444 383 607 450 codicibus
622 385 668 449 uti
686 384 778 449 nobis
793 383 977 468 contigerit,
1000 382 1053 448 vol
1067 381 1254 448 verosimile

154 498 310 581 olivinari,
339 498 400 562 nisi
423 499 529 579 major
558 497 749 578 conjiciendi
777 496 915 561 aradaeie
941 493 1144 559 admittatur.
1187 493 1255 560 Sed

153 617 330 695 antequam
353 606 476 694 aliquot
500 607 660 689 ejusmodi
681 606 772 671 locos
798 608 1009 692 attingamus,
1031 606 1083 693 qni
1103 605 1261 691 grauiore*

154 720 340 804 corruptela
368 719 518 784 laborare
539 719 706 802 videatur,
738 718 1059 803 circumspiciendum
1082 740 1160 782 num
1181 717 1259 807 quid·

153 851 195 895 ox
229 830 309 917 ipsis
342 830 433 894 libris
466 829 697 914 manuscriptis
733 831 774 894 ad
808 832 1044 894 emendandum
1064 828 1260 895 Aristotelis·

153 949 280 1009 textum
303 947 496 1007 convertere
513 941 682 1026 possimus.
719 939 772 1006 Ac
785 941 935 1005 videatur
955 963 1036 1005 seue
1058 941 1091 1005 iu
1114 941 1254 1005 editione

154 1051 367 1118 Behkcriuna
395 1051 500 1117 latere
529 1055 687 1140 quaedam
716 1053 860 1116 subsidia
886 1052 1019 1135 critica,
1048 1073 1131 1138 quae
1160 1072 1253 1136 quum

154 1163 224 1248 ipsc
252 1161 359 1228 editor
385 1163 542 1230 adhihere
572 1167 613 1230 ad
643 1163 869 1248 expoliendum
903 1170 1030 1227 textum
1060 1161 1253 1244 dedignatus

154 1273 213 1356 sit,
241 1271 315 1338 aliis
344 1274 471 1339 videtur
498 1276 689 1361 permittere
718 1273 868 1339 voluisse.
911 1272 1040 1337 Etenim
1069 1280 1181 1335 notum
1204 1278 1253 1335 est

154 1384 260 1450 inesse
289 1383 320 1449 in
350 1384 440 1449 libris
470 1385 699 1471 metaphysicis
725 1384 813 1449 locos
841 1384 963 1470 aliquot
990 1385 1078 1448 haud
1105 1383 1253 1468 exiguos,

153 1494 205 1581 quii
235 1494 282 1558 ita
309 1495 515 1561 consentiant
542 1518 614 1561 cum
642 1495 716 1559 aliis
743 1494 796 1561 vcl
825 1497 999 1560 eorundem
1023 1494 1181 1558 librorum
1203 1493 1253 1558 vel

154 1606 309 1691 physicae
331 1607 578 1673 auscultationis
600 1607 693 1692 locis,
715 1615 751 1671 ut
771 1607 911 1673 alterum
932 1628 975 1669 ex
997 1605 1102 1671 altero
1124 1609 1252 1670 desum·

154 1725 244 1804 ptum
268 1724 343 1784 csse
366 1726 543 1803 appareat3
564 1723 649 1804 quae
669 1717 756 1782 ratio
778 1718 949 1783 intercedit
969 1719 1057 1782 inter
1077 1708 1160 1783 lllet.
1170 1728 1206 1794 A,
1225 1725 1254 1786 2

154 1835 189 1893 ct
209 1825 310 1908 Phys.
331 1826 378 1913 ll,
399 1835 446 1913 3.,
467 1834 501 1896 et
528 1829 616 1893 iuter
636 1828 716 1894 Met.
736 1835 779 1902 A,
799 1833 831 1899 8
853 1836 888 1893 et
909 1835 957 1903 M,
977 1835 1095 1900 4-5.
1139 1827 1254 1893 Paullo

154 1934 254 2002 alitor
274 1939 436 2022 posterior
456 1962 537 2026 pars
551 1939 624 2004 libri
640 1939 681 2006 K
701 1939 996 2024 metaphysicorum
1011 1939 1171 2004 cohaeret
1183 1960 1253 2004 cum

154 2047 247 2132 phys·
263 2049 311 2136 ll,
332 2059 363 2122 5.
376 2089 420 2101 -
434 2051 481 2136 V,
494 2057 526 2122 3.
562 2049 656 2114 Hace
671 2051 755 2114 mira
775 2051 945 2115 consensio
967 2053 1126 2138 quomodo
1141 2058 1256 2115 exorta

154 2159 214 2244 sit,
247 2168 282 2225 ct
313 2160 536 2227 difficillimum
559 2170 593 2227 et
624 2162 852 2246 gravissimum
885 2170 938 2226 cst
965 2163 1161 2243 dijudicare3
1197 2182 1257 2225 uec

154 2272 445 2359 praeter-nriseruut
466 2296 539 2339 cam
561 2276 787 2360 quaestionem
810 2273 844 2356 ii,
865 2273 919 2358 qui
935 2274 974 2337 de
990 2275 1146 2338 universa
1160 2272 1257 2338 lihro·

154 2404 226 2447 rum
249 2384 544 2471 metaphysicorum
565 2386 823 2450 conformatione
845 2392 879 2447 et
902 2384 1016 2447 ordine
1029 2405 1132 2468 agere
1147 2404 1256 2450 susee-

154 2503 290 2580 pcruut‚
322 2498 381 2561 scil
414 2503 508 2580 prout
542 2495 703 2562 diversam
733 2498 773 2560 de
802 2496 902 2559 tetius
928 2494 1038 2580 operis
1064 2495 1198 2560 ratione
1222 2501 1255 2558 ct

154 2605 339 2671 conditione
371 2609 568 2673 seutcrutiern
600 2615 837 2693 conceperant,
873 2606 1012 2671 dirersis
1042 2606 1150 2670 modis
1182 2626 1255 2672 eom

155 2712 284 2780 solvere
310 2718 420 2782 conati
447 2726 534 2783 suut.
577 2719 681 2783 Nobis
707 2740 803 2806 quum
830 2738 895 2781 neu
922 2718 954 2780 id
976 2717 1181 2801 propositum
1200 2716 1255 2799 sit,

153 2832 191 2890 ut
213 2824 368 2891 librorum
395 2829 691 2913 metaphysicorum
719 2831 866 2893 ordinem
894 2826 1110 2912 explicemus,
1138 2829 1200 2892 scd
1220 2832 1256 2890 ut

153 2938 198 3002 acl
218 2944 345 3004 textum
367 2941 603 3005 rmcudaudum
625 2940 744 3027 aliquid
765 2942 989 3022 conteramus,
1016 2940 1202 3024 praeterire
1223 2937 1260 3001 li·

154 3057 209 3114 oct
235 3049 297 3116 hoo
324 3048 397 3143 loco
424 3052 646 3137 quaestionem
674 3051 764 3116 iham
792 3059 916 3116 motam
937 3051 1043 3132 magis
1064 3056 1099 3113 et
1120 3069 1259 3135 praepo·

155 3166 262 3224 ratam
284 3183 382 3247 qoam
402 3161 600 3245 coniecturum
622 3163 702 3228 illud
724 3164 811 3228 enim
833 3165 943 3249 potins
959 3161 1181 3247 quaerendum
1197 3168 1258 3240 cst,

154 3289 233 3334 uum
264 3271 340 3358 quid
373 3277 416 3338 nd
447 3275 593 3338 criticum
624 3295 718 3338 asera
755 3297 798 3339 ex
830 3274 886 3338 illo
917 3292 1079 3336 consensu
1109 3270 1259 3337 narmi

155 3381 276 3465 possin
297 3383 533 3468 quodquidam
555 3385 694 3450 iarrairi
715 3386 848 3471 poterit,
868 3383 948 3449 lieet
969 3385 1011 3448 de
1031 3382 1162 3468 origine
1182 3404 1259 3448 con·

155 3491 319 3556 censionis
340 3495 480 3557 noudum
503 3494 602 3578 plane
618 3504 757 3560 constet.

240 3600 321 3668 ilc·
342 3611 378 3677 J..
393 3613 426 3674 r.
448 3625 480 3688 p.
497 3612 665 3676 rorzraru
686 3641 729 3653 -
750 3626 782 3689 p.
800 3611 967 3678 rotenus.
988 3606 1061 3690 (ur.
1074 3610 1258 3689 smu-

153 3719 210 3786 uu
234 3714 299 3785 l‘e'd
320 3714 444 3798 parium
464 3736 506 3780 ac
526 3715 619 3801 phys.
642 3714 735 3798 IL&
759 3737 790 3796 a·
808 3718 955 3789 luleus
977 3751 1021 3765 -·
1043 3719 1198 3790 thium
1217 3717 1258 3779 dc

155 3824 286 3890 diversa
317 3824 349 3887 ri
382 3832 416 3888 et
447 3823 686 3909 significatione
721 3827 862 3890 notionis
898 3832 1027 3892 uincor
1061 3828 1258 3912 disputatur.

154 3932 250 4007 ‘luc
261 3934 371 4024 capita
387 3934 415 3999 si
430 3934 503 4023 puis
523 3933 698 4020 diligenter
719 3937 805 4002 iuter
824 3961 863 4003 sc
883 3936 1071 4021 contulerit,
1094 3959 1161 4002 noa
1183 3958 1258 4004 enm

198 4044 252 4112 ἡ
274 4046 525 4114 mulom-
551 4066 628 4113 esre
652 4047 910 4131 ani-adunet,
934 4048 1065 4134 quun
1092 4050 1259 4116 excisum
