2602 4388
1119 172 1160 239 tl

56 359 124 404 curn
148 335 203 422 iis,
225 335 375 425 aquibus
391 333 613 420 distinguitur,
635 333 776 400 Platone
798 339 832 400 et
847 335 1081 420 Pythagoreis,
1104 338 1164 405 sed
1214 386 1217 393 -

55 429 171 535 aperte
198 454 232 514 ct
261 447 431 532 distincte,
460 448 504 523 οἷς
529 445 762 530 γνωριμώτερον
789 443 931 526 ἀνάγων,
959 451 1164 514 ricrrronstrat

56 557 192 645 qualis
212 557 258 622 sit
279 557 338 622 iila
359 565 492 642 nature,
512 577 598 645 quoe
619 576 695 620 esse
717 560 750 620 ct
773 577 839 620 una
857 577 931 622 esse
947 558 1083 624 dicatur·
1120 559 1164 625 ut

55 669 137 735 hanc
165 668 298 755 quidem
321 667 538 752 sententiam,
566 688 660 752 utram
691 673 724 731 et
747 667 917 752 superiora
942 670 1043 733 verbe
1069 669 1162 756 flugi-

55 783 126 845 tant
148 783 186 846 ci
213 793 295 845 ποτ
321 779 404 845 ἔστι
424 779 503 863 nn,
531 784 568 843 ct
590 777 741 862 proxima
763 775 957 842 confirmant
979 778 1082 858 δόξειε
1102 781 1163 867 γὰρ

54 893 95 956 ἄν
113 891 220 972 λέγειν
240 894 334 956 τοῦτο
355 889 412 976 τὴν
432 889 544 974 φιλίαν
564 890 660 965 εἶναι,
682 887 841 952 facillima
864 888 1043 955 mutatione
1064 889 1163 957 habe·

54 1001 180 1086 bimus,
207 999 367 1067 vocabulo
393 1001 445 1066 ὅτι
471 997 649 1065 distinctim
681 998 802 1084 scripto
824 1001 844 1065 d
866 1024 895 1065 τι
916 1007 953 1065 ut
975 998 1018 1064 sit
1044 1020 1163 1085 prono-

55 1132 126 1176 men
152 1111 438 1196 interrogativum.
474 1108 528 1177 lta
549 1117 639 1176 recte
654 1109 848 1174 Brundisius
866 1110 1009 1196 scripsit,
1032 1112 1164 1194 adjecta

54 1214 220 1308 particula
240 1224 326 1298 ποτέ,
347 1241 431 1306 quae
452 1218 485 1284 in
501 1240 566 1284 nno
581 1220 692 1285 codice
715 1226 779 1304 cst,
801 1221 820 1286 ὅ
841 1243 871 1284 τι
884 1226 970 1286 ποτέ.
1006 1221 1097 1287 ΙιΙοιο
1115 1222 1162 1289 ic·

54 1334 143 1417 gissa
171 1331 400 1398 Alexandrum
426 1331 502 1399 inde
529 1338 669 1418 apparet
698 1333 784 1418 quod
813 1331 926 1397 scribit
956 1354 985 1417 p.
1008 1341 1163 1406 ttssttall,

55 1443 95 1523 ὥς
116 1446 165 1522 εἷς
185 1443 422 1529 γνωριμώτερον
443 1465 474 1506 τι
495 1440 625 1523 ἀνοίγων
646 1443 681 1507 τὰ
705 1446 748 1520 ἕν,
769 1440 838 1529 τήν
859 1444 1001 1529 φιλίαν
1023 1442 1164 1511 ὑποτι-

55 1558 155 1632 θείς,
176 1554 292 1639 ταύτης
311 1554 473 1639 κατηγόρει
493 1553 529 1618 τὰ
552 1556 596 1618 ἔν.
625 1552 688 1626 (tut
712 1554 797 1618 enim
820 1552 1009 1641 ὑποτίθησιν
1029 1555 1164 1643 aliquid,

56 1664 85 1730 is
104 1661 274 1750 significat
299 1663 391 1749 quid
420 1663 463 1726 sit
491 1662 588 1749 iliud,
616 1666 659 1729 ad
681 1666 764 1751 quod
790 1663 954 1730 referatur
976 1671 1010 1729 et
1032 1665 1084 1728 oui
1106 1667 1164 1730 tri·

57 1777 177 1868 huatur
199 1774 320 1841 unitas.
341 1810 386 1823 -
407 1772 473 1838 Sed
496 1774 596 1839 ctiam
620 1796 661 1840 ea
682 1775 797 1861 verba,
818 1775 934 1861 quibus
956 1774 1106 1839 Platonis
1129 1783 1163 1841 ct

57 1885 340 1970 Pythagoreorum
356 1885 538 1950 doctrinam
553 1884 726 1971 significat,
739 1886 804 1952 levi
820 1871 1048 1953 emendatione
1064 1908 1163 1971 cgere

58 1998 219 2064 videntur.
245 1994 301 2061 lta
315 1995 401 2061 enirn
417 1995 966 2081 exhihenturp.1001at).(Br.55,
985 1997 1048 2083 16.)
1070 1999 1165 2064 Πλά-

58 2130 119 2174 των
139 2112 201 2193 μὲν
221 2106 282 2193 γὰρ
303 2111 356 2171 καὶ
377 2104 408 2172 oi
421 2109 643 2192 Πυθαγόρειοι
665 2104 724 2189 οὔχ
745 2109 851 2194 ἕτερόν
872 2132 902 2172 τι
916 2108 951 2173 cd
968 2111 1007 2175 dv
1028 2107 1105 2174 οὐδὲ
1127 2110 1164 2175 τι)

58 2222 99 2296 ἓν,
115 2217 203 2283 ἀλλὰ
219 2221 313 2282 τοῦτο
325 2214 437 2282 αὐτοῖν
453 2217 509 2302 τὴν
525 2218 622 2302 φύσιν
634 2219 723 2295 εἶναι,
740 2215 783 2293 ὥς
795 2219 888 2304 οὔσης
900 2224 952 2305 τῆς
964 2216 1165 2295 οὐσίας-αὐτὰ

11 2317 13 2322 ’
58 2329 91 2396 τὸ
114 2333 154 2394 ἓν
174 2330 257 2394 εἶναι
278 2331 332 2392 καὶ
345 2327 381 2392 τὸ
403 2327 442 2393 ὅν
464 2350 503 2392 τι.
535 2323 763 2414 Ὀοποηῒοίιιο
785 2328 1001 2413 suspicionem
1025 2329 1166 2414 primum

59 2445 168 2506 movet
190 2460 369 2526 pronomen
392 2464 444 2522 τι,
471 2441 555 2523 quod
579 2445 629 2504 cst
651 2439 684 2502 in
707 2438 772 2504 fine
805 2439 979 2504 enunciati.
1033 2439 1167 2519 Etenim,

59 2572 98 2615 ca
127 2549 203 2635 ipsa
227 2570 384 2635 requam
407 2550 549 2614 inexime
572 2548 669 2614 Plato
698 2557 733 2614 ct
754 2549 955 2634 Pythagorei
978 2571 999 2615 a
1022 2550 1166 2635 physicis

58 2660 273 2745 dissentiunt,
297 2661 382 2746 quod
403 2680 466 2723 non
491 2667 615 2744 ponunt
637 2660 811 2747 aliquid,
832 2666 882 2745 τὶ,
911 2662 995 2746 quod
1017 2683 1092 2726 esse
1113 2660 1168 2728 vel

58 2793 157 2837 unum
187 2793 263 2837 esse
290 2770 415 2855 dicant,
449 2772 506 2835 sed
534 2773 618 2858 quod
645 2771 751 2857 ipsam
777 2770 913 2835 unitatis
941 2778 975 2837 ct
1002 2774 1167 2857 essentiae

58 2882 227 2948 notionem
249 2887 415 2966 tamquam
430 2881 658 2968 substantiam,
681 2880 861 2949 οὐσίανκαὶ
875 2884 981 2968 φύσιν,
1004 2867 1166 2949 exsistere

58 2999 219 3059 statuunt.
263 2990 378 3077 ltaque
400 3014 516 3059 vereor
538 3001 574 3057 nt
595 3001 686 3059 recte
709 3017 751 3078 cx
774 2993 924 3059 Platonis
946 2999 980 3058 et
1001 2991 1167 3074 Pythago·

58 3124 192 3170 reorum
214 3103 379 3168 sententia
401 3105 463 3168 dici
486 3103 589 3188 possit
617 3103 697 3168 αὐτὸ
720 3104 755 3168 τὸ
778 3108 813 3170 ἓν
834 3107 915 3168 εἶναι
936 3106 989 3166 καὶ
1009 3100 1045 3166 τὰ
1068 3103 1168 3170 ὄντι.

58 3214 173 3301 Neque
194 3220 305 3278 tamen
328 3220 504 3300 propterea
525 3237 563 3290 τι,
584 3214 668 3298 quod
690 3213 723 3284 in
745 3212 838 3278 libris
858 3212 1089 3299 manuscriptis
1104 3220 1167 3300 est,
1191 3269 1195 3278 .

58 3324 276 3390 omittendum
305 3347 475 3409 censeam,
508 3327 603 3388 modo
632 3345 704 3388 curn
734 3324 827 3389 dein
850 3344 949 3388 unum
975 3323 1168 3409 vocabulum

58 3437 340 3521 conjungenturne
363 3435 499 3521 proinde
520 3455 581 3522 pro
603 3439 639 3500 ἕν
660 3456 759 3499 casus
783 3435 914 3502 dativus
935 3434 1167 3518 substituatur3
1254 3512 1256 3516 Ι

52 3546 108 3612 ita
126 3545 213 3612 enim
231 3547 346 3611 cadem
361 3546 525 3613 sententia
545 3545 654 3631 aptius
667 3545 766 3611 etiam
780 3552 814 3610 ct
825 3545 1010 3611 accuratius
1024 3544 1168 3630 explica·

58 3657 158 3724 bitur.
190 3655 326 3737 Physici
349 3658 522 3721 materiam
544 3658 706 3744 quandam
729 3663 920 3741 posuerunt,
943 3654 1014 3721 sive
1036 3677 1169 3741 aquam,

60 3767 131 3834 sive
153 3767 282 3852 ignem,
305 3766 374 3831 sive
397 3766 486 3831 aliud
507 3767 595 3853 quid,
616 3788 679 3856 quo
702 3766 868 3832 essentiae
891 3772 925 3833 et
951 3766 1087 3832 unitatis
1111 3786 1168 3829 no·

60 3879 185 3944 tionem
207 3877 385 3958 referrent3
413 3875 511 3941 Plato
538 3898 617 3944 vero
646 3884 680 3944 et
702 3876 905 3963 Pythagorei
934 3877 1037 3963 ipsam
1064 3876 1168 3940 notio-

61 4011 138 4085 nem
167 3987 304 4055 unitatis
332 3996 366 4056 et
393 3985 576 4080 essentiae,
604 3989 650 4060 ab.
674 3988 769 4062 omni,
790 3989 950 4059 materiae
972 3987 1168 4074 cognatione
