2602 4388
152 189 196 254 92

151 357 247 435 eunt,
281 357 318 414 ut
345 347 437 434 quasi
464 348 613 417 recirlont
645 348 684 417 in
707 349 878 415 materiam
910 352 1036 415 formae
1064 356 1251 435 expertem:

152 468 205 528 acl
227 461 282 526 διά
303 463 396 525 τοῦτο
418 463 583 545 φθείρεται
604 457 622 523 ὁ
645 459 775 545 πήλινος
800 460 934 545 α’νῦριάς
959 463 1003 537 οῖς
1028 461 1130 547 netur
1155 463 1252 550 καὶῆ

152 580 274 656 σφαῖρα
295 570 339 644 εἰς
357 568 476 652 χαλκὸν
503 573 555 633 καὶ
575 569 716 646 Καλλίας
745 574 788 647 εἷς
809 573 910 656 σάρκα
927 577 983 635 ’καὶ
996 571 1084 647 ὀστά,
1106 571 1153 636 ἔτι
1176 571 1250 640 δῦὕ

151 679 262 755 κύκλος
292 681 335 758 εἰς
362 681 403 744 τά
429 681 587 764 τμήματα·
614 679 679 744 ἔστι
706 682 768 766 χάρ
795 706 824 746 τι
852 684 872 746 ὕ
899 682 1098 766 συνείληπται
1123 687 1161 776 τῇ
1187 683 1250 776 ὕλη.

151 791 242 856 Ante
264 802 385 876 σφαῖρα
413 790 568 877 omissum
599 811 673 855 esse
697 792 819 878 χαλκῆ
846 813 888 856 ex
914 791 1097 857 sententiae
1123 795 1248 859 ratione
1289 874 1291 889 Ι

152 905 236 967 erleo
259 900 471 966 manifestum
494 908 555 985 est,
577 907 614 965 ut
636 902 777 990 adjicere
799 903 859 967 hoc
881 903 1073 968 vocabulum
1103 912 1169 968 non
1199 908 1248 969 du·

152 1015 308 1094 litemus,
337 1033 442 1098 neque
470 1012 555 1078 enim
585 1011 655 1098 ipse
682 1012 799 1096 globus
825 1034 885 1098 per
913 1034 948 1076 se
970 1015 1018 1077 ita
1041 1014 1176 1081 interire
1199 1038 1248 1101 pc-

151 1131 230 1206 test,
253 1131 289 1187 ut
312 1123 343 1186 in
367 1145 424 1188 aes
446 1124 589 1206 recidat,
618 1125 675 1188 sed
697 1122 812 1206 globus
834 1124 965 1191 aeneus.
1011 1123 1247 1210 Comprobatm

151 1235 233 1298 haec
255 1236 443 1316 conjectura
465 1243 498 1298 et
519 1234 628 1300 verbis
650 1234 842 1318 simillimis,
869 1257 953 1321 quae
976 1235 1081 1300 locum
1105 1245 1247 1302 nostrum

152 1348 362 1429 antecedunt,
385 1348 446 1410 ὅσα
467 1349 525 1428 μὲν
552 1343 612 1408 οὕν
639 1344 865 1428 συνειλημμένα
891 1346 929 1410 uti
956 1347 1040 1422 εἶδος
1068 1354 1122 1412 καὶ
1147 1347 1168 1435 ἧ
1195 1350 1246 1434 ὕλη

151 1456 242 1531 ἐστίν,
264 1454 332 1520 οἷον
353 1456 388 1519 τὸ
412 1456 502 1539 σιμὸν
523 1458 543 1540 ἢ
563 1451 584 1518 ὕ
603 1453 771 1536 χαλκοῦς
796 1456 933 1531 κύκλος
961 1481 991 1542 p.
1018 1465 1196 1544 10351126,
1218 1466 1247 1524 et

150 1567 424 1652 interpretatione
455 1565 602 1649 Asclepii
630 1565 665 1631 τὸ
695 1563 754 1655 οὖν
780 1565 872 1648 σιμὸν
897 1568 917 1653 ἢ
944 1564 962 1632 ὁ
990 1567 1157 1650 χαλκοῦς
1185 1571 1247 1635 τά·

149 1679 240 1755 κλος
262 1680 305 1754 εἷς
326 1682 427 1741 ταῦτα
448 1681 644 1762 φθείρονται,
666 1675 700 1755 ἐξ
720 1671 767 1740 ὦν
787 1680 840 1740 καὶ
860 1682 1075 1763 συνετέθησαν
1094 1684 1247 1766 καὶμέρος

151 1789 258 1854 αὕτῶν
278 1788 298 1874 ἢ
320 1790 378 1874 ὕλη
400 1785 535 1872 ὕπάρχει
556 1809 587 1871 p.
609 1791 761 1858 756a39.

237 1899 362 1965 Eodem
389 1898 515 1982 capite,
541 1898 634 1977 cujus
663 1896 767 1962 locum
794 1919 880 1962 nunc
906 1897 1010 1985 ipsum
1038 1901 1248 1987 tentavimus,

149 2010 348 2076 Aristoteles
364 2009 524 2073 subtiliter
540 2007 720 2093 distinguit,
742 2030 824 2094 quac
847 2009 911 2073 sint
934 2019 1046 2095 partes
1068 2011 1174 2095 ipsius
1196 2033 1248 2077 uo·

149 2121 250 2186 tionis
265 2128 298 2185 et
312 2121 453 2203 formae,
476 2126 509 2184 et
524 2140 607 2203 quae
623 2120 809 2204 pertineant
823 2122 865 2185 ad
879 2123 1086 2202 cunjunctam
1101 2129 1135 2186 et
1155 2122 1248 2211 qnasi

148 2239 334 2298 concretam
367 2253 438 2295 cum
467 2230 608 2294 materia
634 2231 782 2297 formam.
833 2230 939 2303 Quam
973 2255 1042 2297 rem
1076 2240 1247 2321 postquam

148 2345 280 2409 uberius
308 2341 464 2428 explicuit
491 2341 578 2405 hisce
607 2341 716 2406 verbis
744 2343 886 2408 breviter
913 2343 1086 2429 ecrnplecti
1109 2345 1248 2410 instituit

147 2462 265 2540 2,1o.
299 2476 329 2539 p.
355 2452 523 2525 1035b33.
552 2452 631 2536 (nr.
664 2458 743 2536 148,
769 2453 841 2536 28)
879 2459 972 2540 μέρος
1003 2459 1066 2538 per}
1092 2455 1155 2519 <nto
1187 2456 1248 2520 ἐστι

147 2573 201 2630 καὶ
214 2569 273 2630 τοῦ
286 2566 391 2641 εἴδους
414 2564 512 2648 (εἶδος
533 2562 569 2626 δὲ
590 2562 668 2642 λέγω
691 2563 727 2627 τὸ
749 2569 778 2628 τί
797 2564 837 2651 ἦν
859 2568 952 2644 εἶναι)
974 2570 1026 2629 καὶ
1040 2569 1098 2630 τοῦ
1112 2565 1247 2630 συνόλου

148 2681 206 2740 τοῦ
222 2677 255 2738 ἐκ
270 2680 328 2739 τοῦ
342 2675 448 2750 εἴδους
464 2680 517 2738 καὶ
532 2679 585 2759 τῆς
599 2675 676 2758 ὕλης
692 2672 797 2759 αὐτῆς.
824 2675 886 2740 His
903 2677 1022 2759 verlriS,
1040 2675 1135 2739 sicuti
1149 2677 1246 2742 etiam

146 2785 181 2849 in
204 2783 310 2849 Bekk.
327 2785 402 2848 erlit.
420 2784 626 2866 exhibentur,
648 2785 850 2848 ductantem
868 2785 1119 2870 distinguuntur,
1142 2787 1248 2851 forma

147 2896 306 2962 materiae
329 2915 447 2977 expers
470 2900 503 2958 et
526 2891 632 2956 forma
646 2914 718 2957 cnm
735 2895 874 2958 materia
888 2897 1076 2982 conjunctum
1100 2897 1149 2963 ita
1170 2919 1246 2964 vero

146 3009 239 3073 nulla
267 3027 400 3092 prorsus
434 3024 551 3069 caussa
578 3011 646 3088 est,
678 3024 735 3068 cnr
762 3004 859 3090 αὐτῆς
884 3008 1057 3086 adjiciatur
1091 3010 1134 3071 art
1167 3009 1248 3094 ὕλης,

147 3123 231 3205 quod
245 3120 374 3205 quidem
389 3136 569 3201 pronomen
585 3123 655 3180 tum
679 3117 808 3180 demum
832 3138 923 3180 sunm
947 3116 1080 3182 habebit
1102 3140 1246 3203 sensum,

147 3230 175 3294 si
196 3251 261 3292 non
284 3229 389 3292 solnm
411 3227 551 3293 materia
572 3250 645 3292 cum
661 3227 766 3291 forino
779 3229 965 3311 conjuncta,
986 3230 1045 3293 sed
1059 3228 1162 3293 etiam
1176 3228 1247 3315 ipsu

146 3341 266 3426 perse
300 3359 420 3422 expers
452 3336 579 3403 formae
611 3337 751 3404 materia
785 3345 1067 3406 commemoretur.
1095 3337 1192 3403 lam
1218 3337 1246 3402 ei

145 3467 373 3535 comparemus
394 3446 696 3530 interpretationem
712 3446 872 3531 Asclepii,
887 3446 952 3512 uon
967 3451 1030 3516 rluo
1044 3455 1175 3514 tantum
1189 3449 1247 3515 scrl

145 3561 209 3625 trie
233 3557 387 3642 distingui
409 3557 571 3622 videmus:
592 3562 708 3643 „apog
728 3560 787 3641 μὲν
808 3555 868 3622 οὖν
888 3559 952 3625 ἐστὶ
971 3563 1024 3624 καὶ
1037 3564 1096 3624 τοῦ
1114 3559 1248 3636 sidone?

145 3675 240 3757 φησὶν
261 3670 310 3735 ὅτι
331 3668 396 3733 ἔστι
415 3672 507 3752 μέρος
528 3671 661 3733 καὶτοῦ
675 3666 808 3744 εἴδους
822 3675 891 3734 τοῦ
905 3670 1036 3737 άῦλου·
1052 3669 1104 3735 διό
1118 3687 1198 3754 φησι
1210 3669 1246 3734 τὸ

144 3785 175 3846 τί
201 3780 241 3867 ἧν
267 3780 362 3843 εἶναι·
391 3783 455 3842 τάν
480 3777 541 3860 γάρ
568 3776 663 3842 εἰδῶν
689 3773 722 3840 oi
747 3773 868 3864 ὁρισμοὶ
892 3777 1097 3864 ὑπάρχουσιν.
1124 3781 1185 3845 etot
1210 3778 1246 3845 ot

144 3896 219 3976 μέρη
247 3892 299 3956 καὶ
325 3891 394 3953 τοῦ
421 3887 556 3962 εἴδους
582 3890 651 3951 τοῦ
678 3892 873 3953 συνθέτου
899 3892 965 3953 καὶ
984 3894 1049 3977 τῆς
1069 3889 1164 3975 ὕλης
1183 3887 1245 3954 κτλ.

148 4021 160 4023 ’
195 4001 340 4081 tomo,
362 3995 605 4084 distinguuntur
627 3997 712 4066 euim
734 3999 770 4066 τὸ
792 3999 877 4092 εἶδος
897 3996 933 4063 τὸ
954 3997 1070 4078 άῦλον,
1096 4000 1134 4068 τὸ
1161 4000 1244 4076 εἶδος
