2602 4388
1027 215 1164 281 ·ll

64 367 123 432 slei
144 366 182 432 δὲ
202 365 237 431 in
258 389 386 433 comam
407 376 535 436 motato
556 375 591 434 et
610 377 773 436 commate
795 380 872 438 ante
893 373 930 442 τδ
944 375 1024 466 ζῷον
1044 376 1166 464 deleto,

63 500 130 544 nna
151 479 380 546 enunciatione
402 479 485 546 lineo
507 481 553 545 ite
574 483 801 567 conjungenda
821 491 910 550 sunt:
933 485 1034 552 velati
1052 487 1166 576 siquis

65 590 152 656 dicat
184 590 298 655 lromo
334 611 398 654 non
432 591 617 676 significare
646 614 761 679 unum,
794 595 852 658 red
884 594 998 683 pluro,
1030 620 1166 686 qnorum

64 703 160 767 nnius
186 721 254 766 nna
275 702 318 766 rit
339 701 428 766 notio
449 702 573 768 animal
596 703 707 791 bipes,
735 705 794 770 sed
820 703 904 769 alies
932 707 1030 772 etiam
1054 708 1166 794 plures

65 834 139 879 esso
160 812 324 896 notiones,
345 811 457 877 finitas
478 821 588 879 temon
611 835 746 879 suniero
769 822 830 886 otc.
872 815 968 882 Hanc
990 816 1166 887 distinctio·

63 944 139 989 nem
161 922 262 988 habet
276 922 472 1005 Besenrion3
496 923 687 990 Alexander
707 929 865 1012 quomodo
887 926 991 991 locum
1011 928 1166 1014 distingui

63 1034 205 1100 volucrit
232 1035 402 1099 nonsatis
427 1033 536 1121 liquat.
573 1070 616 1083 -
651 1035 704 1101 Ex
730 1036 786 1123 iis,
819 1059 902 1124 quac
931 1037 992 1103 hoo
1017 1038 1089 1104 loco
1111 1043 1167 1106 de-

63 1152 248 1210 monstrata
276 1153 369 1230 eunt,
402 1146 514 1231 paucis
547 1145 747 1231 interpositis
779 1147 940 1213 concludit
967 1149 1167 1217 Aristoteles

63 1256 184 1342 ἀνάγκη
215 1259 336 1332 τοίνυν,
375 1260 405 1320 ei'
434 1280 464 1320 τι
494 1255 579 1321 ἔστιν
610 1253 728 1343 ἀληθὲς
764 1259 876 1335 εἰπεῖν,
912 1260 960 1324 ὅτι
994 1261 1167 1347 ἄνθρωπος

62 1366 143 1455 ζῷον
167 1369 250 1432 εἶναι
276 1367 400 1432 δίπουν·
427 1375 521 1432 τοῦτο
546 1367 608 1453 γὰρ
636 1366 676 1454 ἦν
701 1369 725 1434 δ’
750 1368 896 1454 ἐσήμαινε
920 1369 957 1434 τδ
984 1370 1165 1457 ἄνθρωπος.

62 1481 102 1552 Γ,
124 1482 155 1548 4.
179 1498 211 1561 p.
235 1476 395 1549 1006b29
417 1479 489 1564 (nr.
509 1483 565 1564 70,
589 1478 665 1564 η).
707 1477 751 1544 Et
776 1480 992 1564 grammatico
1019 1490 1166 1549 constru-

61 1587 127 1652 ctio
149 1587 295 1673 tollitur,
323 1595 358 1652 et
379 1590 483 1654 omnis
505 1590 719 1654 ratiocinandi
742 1612 847 1656 nexus
866 1593 1036 1677 turbatur,
1067 1593 1095 1656 si
1119 1593 1166 1659 ite

62 1697 261 1765 distinxeris.
296 1698 390 1767 Vera
404 1700 578 1785 distinctio,
601 1701 628 1764 ei
649 1721 713 1764 non
736 1723 755 1766 c
776 1703 1003 1768 recordatione
1026 1703 1166 1770 usitatae

61 1811 237 1874 admodum
256 1808 428 1877 Aristoteli
452 1811 601 1879 dictionis
622 1810 740 1897 ἀληθὲς
760 1813 857 1876 εἰπεῖν
870 1813 959 1897 ὅττί)
982 1812 1166 1899 legentibus

62 1918 94 1984 in
130 1927 273 1985 mentem
307 1922 476 2006 poniensi,
508 1922 560 1988 vel
597 1923 640 1987 ab
673 1922 865 1987 Alexandro
898 1925 1003 2009 repeti
1035 1932 1166 2009 poteret

61 2031 183 2118 ἀνάγκη
205 2036 325 2107 τοίνυν,
346 2037 377 2096 εἴ
395 2055 425 2096 τι
445 2032 529 2098 ἔστιν
550 2033 668 2120 ἀληθὲς
689 2034 788 2099 εἰπεῖν
808 2036 857 2099 ὅτι
878 2035 1064 2120 ἄνθρωπος,
1086 2035 1166 2126 ζῷον

60 2146 145 2209 εἶναι
167 2144 284 2208 δίπουν
304 2164 336 2228 p.
350 2146 500 2217 657bl2
523 2145 564 2209 cf.
578 2150 630 2216 38
652 2144 675 2208 ἰ.4
690 2166 718 2210 o.
741 2144 769 2207 si
791 2144 866 2231 qnid
889 2166 967 2209 vcro
983 2146 1078 2211 lromo
1101 2146 1165 2212 dici

61 2260 190 2339 potest,
211 2273 347 2320 necesse
368 2261 432 2339 est,
455 2253 578 2319 animal
601 2255 691 2341 bipes
712 2276 797 2340 esec,
820 2254 976 2342 siqnidem
992 2257 1053 2322 lnoo
1066 2256 1165 2340 signi·
1282 2269 1284 2273 ·

60 2362 154 2428 ficari
167 2365 327 2430 vocabulo
342 2365 480 2435 hominis
495 2387 684 2430 concessum
704 2373 765 2430 cst.
801 2364 855 2431 Ito
869 2373 960 2432 recte
973 2366 1165 2434 Alexander

60 2473 173 2540 locum·
196 2476 341 2560 explicet
368 2499 399 2562 p.
421 2476 570 2548 657b1tl.
592 2479 621 2541 ei
639 2476 699 2562 γὰρ
720 2475 740 2542 δ
763 2478 936 2558 ἄνθρωπος
956 2477 992 2542 τδ
1014 2476 1117 2562 ὄνομα
1131 2477 1163 2563 ²)

59 2589 186 2671 φύσεως
210 2593 287 2671 μιᾶς
308 2587 371 2652 ἐστὶ
398 2589 599 2673 σημαντικόν,
631 2589 710 2672 αὕτη
743 2588 781 2652 δέ
811 2588 874 2652 ἐστι
901 2588 937 2653 τδ
966 2587 1045 2677 ζῷον
1070 2589 1166 2664 πεζδν

59 2696 188 2773 δίπουν,
210 2695 330 2784 ἀνάγκη
351 2697 493 2784 ἀληθοῦς
513 2697 607 2772 ὄντος
627 2701 685 2762 τοῦ
704 2697 800 2778 λόγου
821 2700 879 2761 τοῦ
893 2697 978 2762 ἔστιν
991 2700 1166 2784 ἄνθρωπος

59 2807 172 2894 (τοῦτο
197 2811 258 2894 γάρ
288 2810 351 2874 ἐστι
376 2809 413 2874 nd
440 2809 600 2894 εἰρημένον
626 2808 682 2873 dccl
707 2813 765 2874 τοῦ
786 2811 817 2873 εἴ
833 2833 864 2872 τι
878 2809 909 2891 ³)
936 2808 1020 2874 ἔστιν
1048 2811 1166 2896 ἀληθὲς

59 2920 238 2984 eluctatio
263 2918 464 3006 ἄνθρωπος),
492 2922 572 2984 εἶναι
599 2920 636 2984 τδ
663 2921 892 3005 σημαινόμενον
917 2918 973 2985 ὑπ’
999 2919 1102 2985 αυτοῦ
1127 2919 1165 2985 τδ

59 3027 141 3120 ζῷον
161 3028 257 3104 aroldo
283 3030 408 3099 δίπουν.
457 3029 647 3095 Extremam
673 3030 768 3111 hujus
790 3029 1069 3116 interpretationis
1090 3050 1165 3116 par·

58 3235 265 3248 —n—

131 3371 158 3438 1)
187 3369 228 3424 Cf.
244 3378 272 3438 Γ,
290 3374 315 3423 Ι.
332 3389 357 3440 p.
375 3370 509 3428 lootboa.
525 3375 548 3426 el
564 3371 660 3438 ἀληθές
682 3374 763 3426 εἰπεῖν
778 3370 824 3426 τὸν
839 3372 984 3447 ἄνθρωπον
999 3370 1038 3426 ὅτι
1054 3374 1102 3426 οὐκ
1118 3371 1164 3427 ἄν·

59 3459 177 3528 opum.
212 3463 257 3520 M,
278 3461 303 3509 2.
320 3472 346 3526 p.
363 3454 507 3511 lotnbta.
539 3457 586 3509 καί
607 3456 644 3510 τὰ
667 3456 839 3530 μαθηματικὰ
859 3456 899 3510 ὅτι
920 3459 967 3510 οὐκ
987 3461 1054 3510 ἔστιν
1075 3458 1164 3518 ἁπλοῖς

63 3539 163 3605 amate
179 3541 267 3592 είπεῖν.

129 3624 159 3692 2)
186 3622 265 3676 Hand
289 3623 343 3675 scio
366 3639 398 3674 on
420 3641 468 3693 pro
490 3624 663 3702 δᾶνδρωπος
684 3625 712 3679 ιδ
730 3624 814 3698 ὄνομα
836 3624 1002 3679 scribendum
1020 3626 1057 3680 sit
1072 3624 1100 3679 τδ
1118 3624 1162 3679 ἄν·

59 3711 171 3782 opimos
188 3707 273 3780 ὄνομα
289 3718 318 3760 et
336 3705 385 3761 lla
403 3708 429 3759 in
446 3709 569 3764 lemmate
585 3712 706 3783 ἐσήμαινε
722 3709 750 3763 τὸ
767 3710 917 3786 ἅνθρωπος,
935 3721 965 3764 nt
982 3711 1068 3765 estin
1087 3721 1164 3764 textu

60 3790 231 3860 Aristotelis,
257 3809 304 3864 pro
329 3793 466 3863 ἐσήμαινεν
489 3795 504 3848 δ
530 3795 685 3871 ἄνθρωπος,
714 3813 729 3849 c
755 3795 888 3848 constanti
910 3806 937 3848 et
963 3794 1114 3848 Aristotelis
1136 3805 1165 3849 et

60 3874 209 3930 Alexandri
225 3894 285 3933 uso.
320 3878 401 3931 Arist.
420 3893 444 3944 p.
463 3878 601 3948 looobln,
618 3884 664 3948 23,
682 3884 725 3935 30.
760 3879 838 3934 Alex.
855 3896 879 3951 p.
897 3882 1017 3946 conata,
1035 3879 1103 3946 bal,
1121 3883 1163 3934 3³.

130 3961 160 4026 3)
189 3958 287 4016 Brand.
316 3961 438 4018 exhibuit
459 3962 510 4020 τις.
544 3962 597 4017 Sed
627 3963 660 4019 cl.
691 3964 774 4020 Arist.
800 3981 824 4034 p.
851 3963 996 4019 lodobar.
1022 3973 1049 4018 et
1075 3963 1165 4019 Schol.

62 4061 89 4116 p.
107 4044 228 4101 odiblz
878 4056 881 4060 ⁴
