2602 4388
1134 207 1173 272 ta

70 363 106 428 sd
132 362 176 429 ὅν
203 361 295 428 ἐστιν.
339 361 537 444 διαλέγονται
564 365 602 430 δὲ
627 363 842 449 περὶτούτων
869 366 967 455 δῆλον
985 369 1036 436 ὅτι
1057 371 1113 437 διά
1134 367 1172 438 ni

70 478 122 561 τῆς
149 473 341 561 φιλοσοφίας
366 475 449 538 εἶναι
470 473 554 539 αὐτοὶ
580 475 687 539 once.
730 474 928 544 Dialecticos
954 481 1102 546 omnibus
1129 485 1173 549 de

71 587 166 651 rebus
194 584 360 669 disputare
390 583 436 648 ito
464 586 506 649 cd
538 585 643 669 ipsam
672 588 988 671 argumentationem
1016 593 1171 680 pertinet,

70 702 190 761 utnon
215 695 317 780 possit
344 694 533 782 parenthesi
559 695 696 778 includi3
729 717 805 762 nam
833 720 876 763 ex
904 721 943 765 eo
972 700 1058 787 ipso,
1085 708 1171 791 quod

70 806 232 872 diolectici
259 813 294 871 et
320 807 506 891 sophistae,
539 808 731 872 atl'eotaotes
758 808 984 897 philosophiae
1015 817 1170 905 speeiem,

70 918 218 983 omnibus
247 919 288 983 de
315 920 415 982 rohus
434 917 494 982 sihi
517 919 679 1002 egendum
708 927 859 1004 censent,
890 942 973 1007 quoe
998 945 1068 987 oum
1093 935 1170 993 ente

69 1030 264 1110 conjunctos
291 1029 374 1112 sint,
409 1028 608 1095 Aristoteles
634 1028 758 1114 colligit
792 1052 891 1097 verae
924 1033 1023 1097 etiem
1052 1041 1086 1101 et
1112 1059 1171 1120 ge-

68 1141 189 1206 nuinae
218 1139 402 1225 sapientiae
437 1161 511 1205 esse
543 1145 614 1225 περὶ
647 1138 800 1206 ἁπάντων
832 1142 995 1207 δύνασθαι
1025 1150 1167 1233 θεωρεῖν.

68 1252 184 1339 ltaque
210 1250 417 1338 parenthesis
439 1250 542 1335 signis
564 1249 759 1316 includenda
780 1258 831 1317 ost
853 1253 947 1319 unice
969 1258 1169 1340 sophisticae

68 1364 149 1428 ortis
181 1361 359 1446 explicatio
392 1360 411 1448 ἢ
442 1363 503 1447 γάρ
534 1363 694 1448 σοφιστική
725 1367 899 1450 φαινομένη
935 1367 1038 1448 μόνον
1069 1376 1168 1456 σοφία

67 1475 140 1540 ἐστι.
185 1472 341 1546 Quodnisi
365 1475 449 1538 hooc
471 1473 503 1537 in
527 1475 655 1536 modom
680 1473 939 1539 enunciationem
966 1477 1167 1568 distinxeris,

66 1584 167 1651 verba
188 1584 296 1649 κοινὸν
317 1585 353 1649 δὲ
373 1591 453 1649 πᾶσι
473 1583 508 1650 τά
531 1584 571 1650 ὄν
591 1584 674 1648 ἐστιν
694 1604 759 1647 oon
783 1584 961 1670 hahehunt,
988 1610 1050 1675 quo
1077 1596 1168 1659 reete

65 1694 184 1762 reterri
211 1697 352 1780 possint3
388 1702 594 1780 opponuntur
622 1695 708 1758 enim
735 1694 844 1760 verbis
871 1697 1029 1781 proximis
1054 1708 1108 1767 καὶ
1134 1702 1169 1769 oi

66 1807 251 1872 docleatem
273 1807 471 1887 διαλέγονται
491 1811 562 1891 περ)
582 1804 743 1876 ἁπάντων.

147 1923 185 1994 A,
197 1922 251 1990 28.
272 1939 305 2002 p.
322 1918 468 1990 1024h5.
486 1917 556 2001 (Br.
575 1924 647 2000 118,
660 1917 728 2000 24.)
766 1916 964 1984 Aristoteles
982 1920 1033 1986 uhi
1053 1924 1166 1988 distin-

64 2030 134 2114 guit
161 2036 239 2116 quot
268 2029 372 2092 modis
399 2030 526 2093 dicatur
552 2031 654 2108 γένος,
687 2035 832 2110 ποσαχῶς
857 2030 978 2111 λέγεται
1004 2033 1040 2098 od
1067 2040 1165 2116 γένος,

62 2163 163 2206 onam
191 2145 263 2224 ejus
289 2139 428 2205 nominis
456 2137 723 2224 significationem
752 2139 802 2204 his
832 2142 940 2206 verhis
963 2147 1098 2229 exponit
1118 2146 1166 2212 ἔτι

61 2250 104 2328 ὥς
126 2253 162 2316 ἓν
183 2263 248 2329 τοῖς
268 2252 373 2332 λόγοις
394 2250 429 2314 τό
457 2255 581 2335 πρῶτον
607 2249 796 2335 ἐνυπάρχον,
829 2252 989 2334 ὃλέγεται
1015 2256 1050 2320 ἐν
1071 2263 1115 2347 τρῖ
1134 2263 1165 2322 τί

62 2364 127 2428 ἔστι
158 2368 253 2428 τοῦτο
284 2366 386 2443 γένος,
418 2356 460 2425 οὗ
486 2360 640 2446 διαφοραὶ
665 2361 807 2440 λέγονται
833 2360 871 2427 oei
897 2366 1065 2451 ποιότητες.
1109 2368 1164 2435 lta

61 2475 88 2540 si
109 2474 319 2557 distinxeris,
352 2478 445 2538 τοῦτο
470 2476 560 2552 γένος
587 2471 766 2552 subjectum
794 2480 845 2537 est
872 2477 1107 2542 enunciationis
1133 2483 1164 2544 cl

60 2587 126 2650 ἔστι
145 2592 240 2650 τοῦτο
261 2588 358 2665 γένος,
383 2589 416 2647 et
439 2584 481 2646 ad
503 2582 688 2648 nniversam
712 2583 970 2650 enunciationem
993 2588 1162 2671 praedica.

60 2704 130 2761 tom
151 2698 364 2781 repetendum
388 2693 450 2758 erit
472 2715 514 2758 cx
536 2693 771 2778 superioribus,
797 2693 947 2759 nimirum
970 2697 1090 2779 λέγεται
1110 2704 1164 2782 γέ-

58 2831 124 2884 νος.
174 2806 271 2872 Undo
298 2805 380 2871 haec
413 2805 588 2871 exsisteret
621 2804 865 2890 interpretatio,
900 2814 936 2872 ut
968 2831 1096 2892 genus
1127 2812 1161 2876 id

58 2919 122 2984 dici
150 2917 347 2983 Aristoteles
375 2918 600 2996 contenderet,
633 2918 717 3002 quod
750 2918 887 3000 primum
919 2928 1094 3005 poneretur
1127 2920 1161 2986 in
1193 2931 1195 2936 ’

57 3028 257 3115 explicanda
282 3028 413 3093 notione
444 3027 623 3112 generis3
655 3029 738 3112 quod
765 3050 898 3112 prorsus
925 3029 1069 3114 ineptum
1098 3037 1160 3100 est.

56 3141 250 3206 Ponendum
274 3160 351 3205 vero
374 3147 425 3204 est
445 3160 572 3204 comme
594 3144 719 3224 postet
740 3137 810 3212 ἐστι,
836 3145 871 3202 nt
893 3139 929 3203 cd
950 3144 980 3203 τί
1000 3141 1072 3217 ἐστι,
1094 3142 1115 3206 i.
1129 3165 1160 3211 e.

56 3253 162 3334 notio,
185 3273 206 3316 o
225 3250 388 3316 constanti
403 3247 592 3314 Aristotelis
606 3269 666 3312 usu
681 3246 829 3313 absolute
852 3248 988 3335 dicatur,
1010 3258 1045 3318 et
1066 3259 1160 3320 τοῦτο

54 3367 146 3442 γένος
167 3361 346 3448 praedicati
370 3361 475 3425 locum
498 3358 653 3425 obtineat.
696 3356 891 3425 Praeterea
911 3363 1024 3428 veluti
1040 3367 1082 3429 in
1103 3366 1160 3428 de-

40 3473 280 3557 finitionibus
300 3473 344 3536 e'd
362 3473 459 3558 quod
472 3474 626 3556 primum
644 3473 795 3552 ponitur
815 3475 857 3536 ι’νι
878 3474 1077 3558 definienda
1097 3495 1159 3539 ιιο-

53 3585 169 3668 done,-
199 3584 242 3648 id
271 3596 467 3670 congenea,
489 3585 591 3666 cujus
612 3583 846 3666 Μονουνίου
873 3587 1043 3650 dicontur
1071 3607 1157 3672 puo-

52 3696 181 3761 lc'tates.
245 3694 340 3759 Haec
376 3694 536 3761 distinctio
567 3693 674 3779 repeti
705 3684 834 3778 poterat
861 3718 880 3761 e
913 3696 1155 3761 commentariis

52 3804 240 3871 Alexandri
276 3829 307 3894 p.
343 3809 480 3878 730a1.
539 3804 716 3869 ἀποδίδωσι
749 3806 785 3871 τὸ
820 3812 945 3890 πρῶτον
979 3807 1156 3890 ἐνυπάρχον

51 3915 188 3982 ἑκάστου
227 3916 263 3981 ἐν
301 3919 345 4009 τῷ
381 3915 522 4007 decorose}
558 3922 610 3980 καὶ
645 3915 681 3980 τὸ
718 3919 747 3979 τί
781 3915 821 4004 ἦν
857 3920 938 3983 εἶναι
974 3919 1156 4002 σημαίνοντι

49 4026 153 4119 λόγῳ,
179 4027 203 4094 ὃ
226 4041 439 4118 κανργορετται
464 4027 499 4094 ἓν
519 4030 563 4119 τῷ
583 4031 613 4091 ct
632 4027 697 4092 ἔστι
716 4026 777 4095 τοῦ
801 4024 1015 4114 ὑποκειμένου·
1040 4026 1154 4090 τούτου
