2602 4388
159 169 203 238 76

158 338 348 418 adjuvatnr3
375 355 514 420 namque
536 330 581 399 aiv
602 332 635 400 in
658 355 721 398 uno
743 337 813 400 eod.
837 333 890 397 Ab
911 335 1091 420 reperitur,
1114 334 1258 400 Alexan-

159 450 251 512 drum
276 453 404 528 nutem,
434 446 460 508 si
485 447 556 526 ejus
577 447 842 511 commentarium
865 447 1056 530 contuleris,
1085 448 1180 511 modo
1203 448 1261 512 ἄλ-

158 559 224 624 λων
244 552 290 623 ὦν
311 561 361 634 ἓν,
388 560 483 619 modo
506 557 612 621 ἄλλων
633 560 656 620 o‘i
678 561 728 641 ἕν,
751 560 845 621 modo
873 559 979 622 dibon
1005 557 1183 642 delegisse
1206 581 1261 623 ex-

157 668 293 736 istimes,
332 666 490 732 Gonfeeta
512 674 621 731 autem
645 674 678 732 et
700 669 850 732 absoluta
865 673 1006 735 nondum
1029 671 1129 735 videri
1153 676 1262 755 potest

156 779 218 844 looi
241 778 439 864 emendatio,
462 777 524 840 nisi
547 803 585 844 rs
603 785 680 863 ¹post
701 783 763 843 τῶν
784 782 992 866 expunxeris,
1013 816 1056 830 -
1078 780 1146 844 Sed
1161 780 1259 844 etiam

156 899 291 976 praeter
313 891 373 956 hos
388 896 514 954 restant
529 888 652 975 aliquot
666 890 743 975 loci,
765 893 804 955 de
827 893 941 977 quibus
962 892 1074 976 paneis
1090 891 1258 957 dicendum

155 1004 293 1068 videtur.
345 1003 395 1065 Ae
427 1001 565 1085 primum
593 1002 720 1087 quidem
747 1009 801 1077 M,
828 1010 858 1073 5.
884 1026 916 1088 p.
948 1005 1117 1076 1079b15.
1154 1009 1202 1079 A,
1228 1011 1256 1075 9.

156 1135 188 1200 p.
211 1120 496 1196 991a12.,qnmu
520 1113 685 1200 utriusque
708 1113 770 1178 loni
794 1115 954 1198 soriptnra
977 1116 1007 1178 in
1032 1114 1124 1178 libris
1148 1136 1257 1179 mann·

157 1224 287 1310 seriptis
316 1227 429 1288 eadem
454 1223 514 1306 sit,
545 1225 661 1287 mirum
686 1225 718 1287 in
742 1224 869 1290 modum
893 1225 1067 1290 Bokkems
1090 1228 1187 1290 modo
1207 1246 1253 1290 se·

155 1335 263 1422 quitur
285 1337 379 1398 modo
402 1335 540 1418 negligit
562 1336 705 1400 oodionm
732 1335 971 1403 anctoritatem.
1016 1338 1072 1401 Sio
1094 1336 1181 1402 enim
1204 1336 1254 1400 ex-

155 1447 283 1511 hibetur
306 1447 396 1509 loous
418 1445 492 1512 libr.
516 1445 615 1512 Xlll.
659 1449 789 1510 ιιοὶνιοιν
817 1447 853 1510 δὲ
878 1448 1014 1531 μάλιστα
1042 1448 1257 1533 διαπορήσειεν

154 1558 199 1622 ἄν
220 1581 266 1634 τις
286 1561 315 1620 τί
336 1580 413 1620 ποτε
434 1557 666 1641 συμβάλλονται
693 1557 733 1621 τὰ
761 1558 826 1644 εἴδη
847 1560 867 1646 ἢ
888 1570 952 1634 τοῖς
980 1557 1097 1634 ἀϊδίοις
1123 1563 1189 1623 τῶν
1209 1561 1257 1622 αἷ-

155 1673 282 1756 oderade
303 1670 324 1756 ἢ
344 1679 408 1745 τοῖς
422 1673 615 1752 γιγνομένοις
628 1672 679 1732 καὶ
694 1669 784 1755 [τοῖς]
799 1671 828 1749 ¹)
851 1673 1087 1756 φθειρομένοις·
1111 1671 1186 1735 οὔτε
1200 1667 1257 1754 γὰρ

154 1781 299 1866 κινήσεώς
321 1780 403 1843 ἔστιν
426 1778 500 1842 οὔτε
524 1780 697 1865 μεταβολῆς
724 1778 875 1863 οὐδεμιᾶς
901 1785 987 1845 αἴτια
1013 1780 1130 1857 αὐτοῖς.
1175 1779 1257 1846 dud

154 1888 215 1975 μὴν
237 1888 311 1954 odd
318 1895 333 1953 ὲ
362 1888 441 1975 πρὸς
462 1889 518 1974 τὴν
540 1889 705 1975 ἕαισιήμιρν
727 1888 827 1955 οὐθὲν
847 1895 963 1975 βοηθεῖ
980 1891 1036 1975 τὴν
1057 1900 1120 1956 τῶν
1143 1893 1255 1958 ἄλλον.

155 2002 245 2066 οὔτε
266 2001 326 2084 γὰρ
348 2001 440 2065 οὐσία
462 2000 565 2065 ἐκεῖνα
587 2004 706 2066 τούτων
729 2000 778 2084 (ἐν
800 2003 922 2076 τούιοις
943 2001 1003 2085 γὰρ
1026 2004 1069 2065 οἲν
1084 2000 1148 2088 dod·
1186 2005 1256 2070 οὔτ’

154 2112 198 2189 εἷς
220 2109 256 2176 ad
279 2115 368 2187 εἶναι,
389 2111 431 2196 μὴ
452 2113 670 2199 ἐνυπάρχοντά
691 2137 728 2191 γε
748 2123 813 2187 τοῖς
833 2115 1018 2196 μετέχουσιν.
1055 2112 1180 2178 Tribus
1201 2136 1255 2200 po·

154 2222 315 2289 tissimum
339 2224 518 2287 rationibus
540 2223 738 2287 Aristoteles
761 2226 869 2306 docet,
893 2221 972 2285 nibil
1001 2223 1132 2287 omnino
1156 2226 1257 2311 perti-

154 2357 235 2400 nere
256 2335 347 2400 ideas
371 2337 412 2398 ad
434 2357 489 2399 res
511 2335 692 2419 sensibiles,
719 2338 802 2420 qnod
824 2354 928 2418 neque
952 2335 1165 2400 mutationem
1187 2335 1254 2402 effi·

153 2447 261 2531 oiant,
283 2467 387 2533 neque
408 2446 625 2532 cognitionem
648 2468 757 2511 rernm
778 2445 978 2510 sensibilium
1002 2448 1174 2533 adjuvent,
1197 2470 1254 2514 ne-

63 2610 67 2615 .
154 2580 216 2645 que
254 2561 295 2623 ad
333 2580 444 2623 earum
480 2558 705 2623 exsistentiam
742 2559 914 2645 quidquam
946 2557 1128 2637 conferant,
1181 2559 1255 2626 Hae

154 2669 254 2752 igitur
276 2677 345 2733 tres
366 2671 522 2753 rationes,
544 2692 679 2756 quarum
695 2679 891 2755 argumenta
905 2669 1018 2754 paneis
1033 2669 1144 2734 verbis
1158 2671 1255 2737 intor-

153 2780 269 2866 positis
286 2780 484 2843 Aristoteles
507 2780 678 2863 signifieat,
700 2782 748 2843 ita
769 2789 845 2843 snut
866 2779 1034 2865 particulis
1056 2783 1254 2868 conjungen·

154 2893 235 2974 dae,
262 2898 298 2954 nt
331 2898 408 2975 apte
441 2889 500 2953 sibi
534 2893 763 2974 respondeant.
813 2888 924 2976 Itaque
954 2914 1012 2976 pro
1041 2891 1255 2981 οὗὸὲμρος

154 3002 360 3068 scribendum
383 3001 471 3065 odra
491 3001 583 3086 πρὸς,
605 3022 665 3085 pro
687 3001 856 3088 οὔτεγὰρ
877 3039 920 3050 -
942 3003 1034 3068 οὐδὲ
1055 3003 1123 3087 γὰρ,
1145 3027 1255 3091 quom·

153 3117 326 3179 admodum
360 3110 533 3203 Bebkerns
564 3113 668 3197 primo
702 3112 785 3177 libro
818 3114 927 3180 invitis
965 3114 1128 3179 oodioibus
1166 3116 1255 3183 exbi-

153 3224 231 3289 buit.
288 3224 408 3309 Aptius
441 3225 541 3290 etiam
576 3224 642 3288 illic
681 3225 887 3309 parenthesis
920 3226 1015 3309 signa
1051 3226 1098 3290 ita
1134 3227 1256 3314 posuit,

152 3344 189 3402 ut
216 3335 369 3402 universa
402 3335 586 3402 enunciatio
620 3332 696 3400 οὐδὲ
722 3335 783 3422 γὰρ
814 3371 857 3384 —-
888 3339 931 3401 ἄν
960 3337 999 3424 ἦν
1026 3337 1153 3403 inserta
1182 3362 1255 3406 esse

72 3496 74 3501 -
151 3457 335 3515 censeatur.
358 3482 400 3494 -
422 3445 539 3512 Paullo
561 3453 634 3532 post
656 3467 697 3512 ea
717 3447 832 3532 verba,
853 3468 936 3532 quae
950 3471 1034 3514 nuno
1048 3448 1155 3535 ipsum
1170 3430 1254 3518 atto

154 3633 352 3640 ..-...-.-,-.-.

220 3766 248 3832 1)
278 3764 442 3818 Omittendus
465 3765 606 3831 articulus,
632 3782 743 3836 namque
766 3775 934 3836 opponuntur
954 3767 1005 3821 sibi
1027 3767 1058 3822 τὰ
1079 3769 1155 3824 α’ΐδια
1178 3778 1206 3825 et
1222 3766 1253 3825 roi

151 3853 295 3924 γιγνόμενα
312 3850 358 3903 καὶ
375 3851 548 3925 φθειρόμενα,
575 3850 881 3922 cf.Alex.p.5ila18.
907 3885 940 3896 -
966 3853 1105 3907 Bellerus
1123 3855 1151 3908 in
1170 3855 1250 3925 primo

151 3932 219 3987 libro
237 3951 316 4007 quum
334 3935 439 4007 plurimi
462 3936 536 3989 codd.
554 3934 691 3989 articulum
710 3935 830 4004 habeant,
848 3957 907 3992 eum
926 3939 1037 4010 omittit,
1059 3940 1087 3993 in
1111 3940 1191 3996 tertio
1209 3939 1251 3993 do·

149 4016 326 4091 clarmanum
344 4023 395 4076 dno
413 4021 472 4078 eod.
489 4022 619 4090 omittant,
638 4023 749 4077 eundem
766 4024 871 4078 retinet.
