2602 4388
98 100 158 171 uc
243 193 245 197 ἢ

92 270 306 352 contendant,
334 267 410 332 iude
436 266 588 353 consequi
610 269 718 350 docet,
739 272 775 329 ut
796 265 905 329 omnia
927 263 994 329 sint
1015 262 1189 329 accidentia

93 390 126 444 ct
149 380 279 442 omnino
303 378 436 442 tollatur
458 377 651 446 substantia.
687 377 769 453 ὅλως
791 377 824 440 d’
847 375 1035 461 ἀναιροῦσιν
1056 373 1089 439 οἱ
1107 381 1190 440 τοῦτο

92 493 231 570 λέγοντες
253 487 439 554 οὐσίανκαὶ
461 490 495 553 τό
519 493 547 552 τί
569 487 607 575 ἦν
628 489 719 551 εἶναι.
751 489 858 550 πάντα
872 485 932 571 γάρ
946 484 1071 572 ἀνάγκη
1085 491 1190 570 ocutis-

92 604 218 685 βηκέναι
239 603 372 685 φάσκειν
402 596 524 673 αὐτοῖς,
552 604 604 662 καὶ
630 597 665 661 τό
693 598 770 682 ὅπερ
797 595 958 684 άνθροίτσῳ
986 598 1075 661 εἶναι·
1095 599 1115 683 ἢ
1133 594 1191 684 Q

93 713 175 775 siren
195 711 237 796 pr)
258 709 390 792 εἶναι’).
434 707 506 772 Ηοο
535 709 589 772 ubi
619 707 772 791 exposuit
798 707 848 770 his
876 705 995 770 deiude
1015 706 1127 772 verbis
1145 726 1191 770 ar·

93 820 371 905 gurncutntioucm
396 819 615 902 persequitur:
654 819 683 881 si
710 819 747 882 δὲ
773 819 879 886 πάντα
905 816 988 880 κατά
1010 815 1192 902 συμβηίηκός

93 933 222 1011 λέγεται,
245 927 344 992 οὐθὲν
365 931 452 992 ε”σται
473 933 598 1013 πρῶτον
620 929 655 991 τό
677 928 833 1002 καθόλου,
860 929 889 990 εί
916 927 967 991 ἀεὶ
987 927 1024 991 τό
1047 931 1192 1011 συμβεβη-

94 1043 148 1115 κὸς
169 1043 247 1102 καθ’
274 1036 479 1123 ὑποκειμένου
507 1039 593 1114 τινός
614 1043 754 1123 σημαίνει
775 1038 832 1122 τὴν
851 1041 1050 1122 κατηγορίαν.
1083 1035 1192 1121 ἀνάγκη

95 1153 160 1234 ἄρα
183 1150 226 1224 εἷς
248 1150 380 1235 ἄπειρον
403 1152 493 1214 ἰέναι.
530 1149 703 1232 Accidens,
725 1147 761 1212 τό
783 1148 982 1231 συμβεβηκός,
1005 1169 1137 1233 semper
1154 1148 1192 1210 ad

96 1259 185 1324 aliud
207 1259 358 1343 refertur,
383 1263 422 1324 dc
438 1281 501 1345 quo
516 1259 733 1343 praedicetur,
757 1257 824 1322 sive
840 1257 956 1322 dicitur
970 1280 1104 1344 semper
1122 1262 1191 1323 καθ’

96 1365 317 1451 ἀποκειμένου,
351 1392 514 1456 nunquam
550 1370 654 1453 ipsum
684 1376 735 1433 est
765 1367 977 1451 ὑποκείμενον.
1027 1368 1144 1456 ltaque
1167 1367 1190 1430 si

97 1479 206 1543 omnia
227 1479 307 1542 κατά
329 1483 517 1566 συμβεβηκός
539 1482 698 1562 dicautur,
722 1479 768 1542 ita
790 1485 826 1540 ut
841 1481 883 1542 ad
898 1478 985 1543 aliud
1000 1479 1192 1560 referantur,

97 1613 160 1654 nou
185 1591 248 1655 crit
269 1588 393 1676 πρῶτον
413 1588 618 1674 ὑποκείμενον
639 1589 693 1654 vel
714 1589 819 1674 κράτη
839 1586 944 1666 οὐσία,
965 1611 1032 1653 uon
1055 1591 1120 1655 erit
1136 1609 1191 1676 quo

98 1702 284 1766 referantur
311 1700 441 1784 omniu,
475 1701 578 1785 ipsum
613 1721 690 1764 nero
720 1720 783 1761 uon
814 1700 977 1763 referatur
1011 1700 1099 1782 aii03
1129 1699 1193 1793 suit

98 1811 251 1874 stantiam
275 1811 375 1893 igitur
397 1832 531 1895 prorsus
553 1809 689 1892 tollunt,
716 1808 769 1894 qni
793 1809 902 1872 omnia
924 1810 1109 1876 accidentia
1129 1806 1193 1876 esse

83 1927 255 1984 statuunt.
292 1919 389 1983 Hanc
407 1930 558 2006 oportere
581 1920 776 1985 sententiam
795 1919 901 1984 inesse
916 1920 957 1983 iis
971 1922 1097 2006 verbis,
1119 1942 1194 2008 qum

99 2054 118 2097 e
140 2036 233 2095 textu
256 2031 478 2114 exhibuimuS,
506 2053 547 2094 cx
577 2031 826 2116 argumentandi
854 2025 968 2096 ordine
991 2032 1194 2098 inanitatem

98 2150 165 2224 est,
187 2141 295 2228 itaque
311 2141 483 2226 legendum
500 2141 600 2205 οὐθὲν
614 2141 701 2206 ἔσται
721 2146 845 2226 πρῶτον
866 2142 901 2205 τὸ
923 2147 1014 2207 καθ’
1036 2140 1098 2220 οὗ,
1119 2144 1196 2229 quod

99 2257 184 2320 idem
208 2260 259 2333 est
281 2273 321 2315 ac
342 2257 467 2336 πρῶτον
487 2249 693 2336 ὑποκείμενον
721 2259 755 2315 et
776 2252 937 2315 consentit
959 2274 1033 2318 cum
1057 2255 1196 2340 superio

99 2367 188 2428 ribus
209 2363 317 2439 verbis
339 2362 505 2448 ἀναιροῦσι
524 2361 580 2446 τὴν
600 2360 721 2426 οὐσίαν.
758 2361 873 2426 Lectio
894 2361 1092 2428 τὸκαθόλου
1104 2385 1197 2450 quau-

99 2485 213 2560 topcre
234 2479 396 2560 repugnet
423 2471 581 2556 proximis
602 2472 712 2537 verbis
734 2473 763 2535 ei
783 2470 833 2536 cisi
854 2473 889 2537 τὸ
911 2474 1103 2558 συμβεβηκός
1124 2479 1197 2539 καθ’

98 2582 304 2666 ἀποκειμένου
335 2582 514 2658 τινός-κτλ.
547 2582 690 2646 maxime
725 2583 898 2668 apparebit
925 2581 999 2649 coil.
1028 2589 1070 2659 Ζ,
1096 2591 1146 2657 13.
1170 2606 1197 2669 p.

49 2702 51 2706 '
103 2694 270 2767 1038b15.
308 2693 353 2756 ἔτι
374 2691 466 2756 οὐσία
487 2692 608 2771 λέγεται
629 2691 665 2755 τό
686 2694 728 2778 μὴ
750 2699 829 2756 καθ’
849 2688 1071 2776 ἀποκειμένου,
1091 2696 1136 2760 τό
1161 2695 1199 2759 di·

100 2804 275 2872 καθόλου
296 2807 384 2866 καθ’
406 2798 667 2883 ὑποκειμένου
689 2802 794 2877 τινός
815 2802 935 2882 λέγεται
957 2801 1023 2879 ἀεί,
1045 2808 1136 2871 unde
1157 2806 1199 2869 in·

99 2916 291 3000 telligimus,
312 2912 347 2978 τό
370 2911 558 2996 συμβεβηκός
580 2918 614 2975 et
634 2913 670 2975 τό
691 2912 835 2977 καθόλου
857 2935 899 2978 ex
915 2911 1111 2980 Aristotelis
1133 2937 1200 2981 sen·

100 3027 205 3092 tentia
227 3049 268 3090 ea
289 3047 324 3090 rc
348 3043 410 3088 uon
435 3020 622 3107 discrepare
644 3025 701 3088 scd
724 3022 909 3103 concinere,
932 3025 1015 3106 quod
1031 3031 1201 3112 utrumque

99 3141 178 3201 καθ’
205 3133 410 3217 ὑποκειμένου
443 3131 567 3195 dicitur.
613 3133 803 3197 Alexander
836 3131 889 3194 ubi
913 3131 1037 3196 frustra
1069 3157 1201 3220 operam

99 3243 209 3331 posuit
240 3243 273 3306 in
309 3241 504 3324 explicanda
541 3241 681 3307 lectione
716 3242 752 3306 τὰ
784 3240 941 3317 καθόλου,
977 3241 1050 3328 ipse
1087 3248 1202 3312 deinde

100 3357 184 3420 hanc
205 3354 423 3435 conjecturam
447 3354 601 3437 proponit
623 3353 759 3415 δύναται
779 3352 960 3434 γεγράφθαι
979 3351 1103 3427 »οὐθὲν
1119 3356 1203 3421 ἔσται

100 3469 225 3549 πρῶτον
250 3463 286 3528 τό
313 3466 403 3526 καθ’
436 3457 503 3526 οὖ”
534 3464 671 3526 τουτέστι
698 3457 734 3522 τό
761 3462 886 3541 πρῶτον
911 3465 965 3524 καὶ
989 3460 1205 3549 ἀποκείμενον.

102 3598 131 3661 p.
154 3573 281 3644 (rnna.

187 3681 476 3767 138.p.1012h9.
499 3678 569 3763 (nr.
583 3681 639 3761 85,
653 3677 720 3762 Q)
753 3677 819 3743 Eos
841 3679 894 3766 qui
916 3678 969 3744 vel
991 3683 1104 3749 omnia
1128 3707 1205 3753 vera

101 3843 225 3850 .-ῳ-...-
234 3840 301 3849 .-.-

170 3924 195 3987 1)
217 3922 247 3974 iu
266 3920 353 3975 nera.
370 3917 432 3972 edit.
450 3916 518 3970 falso
536 3925 597 3971 ante
612 3918 650 3989 μὴ
667 3920 734 3971 εἶναι
750 3922 878 3970 commata
896 3914 1050 3973 distinctum
1068 3932 1121 3977 est.
