2602 4388
145 196 190 264 86

146 362 210 428 ode
231 361 302 428 sire
323 361 360 436 ζα
383 383 411 446 p.
435 347 566 433 587515}
604 359 643 423 ln
667 359 789 424 scholio
813 358 1005 444 Alexandri,
1027 363 1111 446 qood
1128 360 1245 431 arana.

146 475 258 538 eood.
280 473 438 538 Laurent.
462 472 644 558 excerpsit,
670 493 702 556 p.
724 476 798 542 586.
822 477 889 534 not.
917 479 1116 535 memoratur
1144 471 1248 537 attera

145 581 245 649 leetio
268 601 339 667 σμα,
362 587 418 648 sed
441 591 477 647 ut
499 585 605 648 minus
628 589 707 665 apta
728 581 890 662 rejiciturr
922 583 1025 668 ὥσπερ
1047 581 1248 668 ἀμφισβητεῖ-
1293 602 1295 609 ·

146 715 199 757 ται
225 699 296 778 περὶ
321 699 374 780 οῆς
401 693 438 768 ζα
465 693 619 778 συλλαβῆς
645 695 779 776 πότερον
801 693 856 757 dmi
878 699 936 757 τοῦ
957 691 975 766 ζ
993 695 1148 778 γράφεται
1175 695 1209 776 (ἀ
1222 696 1247 774 ¹]

147 806 254 888 ἕτερον
276 806 422 890 φθόγγον
449 803 547 886 εἶπεν)
575 805 596 889 ἢ
617 802 673 867 diei
694 807 752 867 τοῦ
773 820 794 868 o
812 808 865 866 καὶ
887 802 916 872 d.
945 805 1016 867 τινά
1037 803 1096 887 γάρ
1117 807 1182 866 τῶν
1202 808 1248 886 βι-

147 914 243 995 βλίων
271 915 342 980 ἀντὶ
368 919 426 978 τοῦ
448 913 485 988 ζα
506 933 570 999 σμα
591 914 654 996 ἔχει
673 917 894 999 γεγραμμένον.
937 913 1071 977 καλλίων
1097 912 1134 977 δὲ
1155 911 1175 999 ἦ
1197 913 1249 977 διὰ

147 1030 205 1089 τοῦ
226 1026 263 1101 ζα
284 1027 400 1110 γραφή.
425 1060 468 1072 -
496 1026 745 1092 {destituendum
768 1024 868 1107 igitur
890 1023 935 1099 ζα,
956 1026 1039 1110 qnod
1062 1023 1250 1107 praeferen-

147 1135 223 1201 dum
246 1155 320 1199 esse
343 1135 413 1215 jam
437 1135 631 1200 Brandisius
653 1135 684 1198 in
714 1137 790 1199 odit.
815 1144 881 1200 not.
904 1136 974 1200 erit.
997 1133 1249 1216 significaverat.

232 1251 266 1321 Γ,
286 1251 317 1316 4.
340 1267 370 1330 p.
397 1251 564 1318 1008a17.
593 1246 663 1330 (ar.
684 1253 743 1325 73,
765 1245 834 1330 28.)
883 1244 1066 1329 Disputans
1093 1248 1249 1310 adversus

148 1376 223 1439 eos,
251 1357 422 1442 quiquam
453 1357 644 1443 principium
672 1355 937 1421 contradictionis
960 1376 1141 1440 agnoscere
1162 1379 1250 1422 reen-

148 1474 223 1531 aent
249 1467 358 1531 omnia
384 1466 615 1532 commisceant
641 1474 676 1532 et
697 1466 786 1531 duxa
811 1470 969 1550 reddant,
1000 1466 1200 1533 Aristoteles
1220 1468 1250 1534 id

97 1648 102 1658 ¹
147 1577 291 1643 maxime
313 1577 464 1644 evincere
487 1581 611 1664 studet,
640 1587 675 1643 ut
696 1600 754 1642 eos
777 1577 895 1643 stabile
917 1577 1039 1663 aliquid
1061 1600 1101 1643 ac
1123 1577 1249 1643 firmum

148 1691 328 1755 concedere
349 1697 455 1774 cogat.
500 1688 615 1776 ltaque
636 1696 769 1775 praeter
791 1689 859 1753 alia
873 1692 921 1754 sio
937 1674 1204 1773 argumentatur-2
1226 1691 1252 1756 ελ

148 1805 219 1884 περὶ
238 1803 344 1875 πάσας
361 1801 419 1883 (so.
431 1802 543 1886 φάσεις
554 1807 606 1864 καὶ
617 1800 799 1885 ἀντιφάσεις
816 1801 916 1877 οὕτως
934 1800 1004 1882 ἔχει,
1020 1800 1099 1865 ὥστε
1111 1803 1252 1865 εἶναικαὶ

147 1909 258 1974 λευκὸν
268 1915 320 1974 καὶ
335 1908 373 1974 οὗ
387 1910 512 1992 λευκόν)
524 1947 567 1956 -
577 1912 646 1995 ἤτοι
656 1914 735 1973 καθ’
753 1911 995 1996 demetriadem
1009 1915 1061 1974 καὶ
1075 1911 1110 1974 τὰ
1124 1911 1252 1998 ἀποφῆ-

148 2037 202 2084 σαι
211 2026 264 2084 καὶ
273 2025 351 2084 καθ’
367 2021 450 2083 ὅσων
461 2019 627 2105 ἀποφῆσαι
636 2025 689 2083 καὶ
701 2025 807 2105 φῆσαι,
824 2022 845 2106 ἢ
860 2021 940 2084 καεά
956 2026 1015 2103 μὲν
1025 2015 1071 2085 οἷν
1085 2027 1187 2106 φῆσαι
1203 2028 1252 2085 καὶ

148 2128 321 2215 ἀποφῆσαι,
336 2134 415 2193 καθ’
432 2131 516 2195 ὅσων
531 2130 568 2193 δὲ
586 2129 750 2216 ἀποφῆσαι
767 2125 806 2193 ori
823 2133 952 2194 πάντων
966 2137 1073 2216 φῆσαι.
1094 2137 1149 2194 καὶ
1160 2133 1190 2195 ελ
1198 2136 1253 2215 μὲν

149 2243 257 2317 οὕτως,
278 2243 323 2325 εἴη
338 2240 381 2303 ἀν
395 2263 424 2304 σι
445 2245 565 2320 παγίως
587 2239 643 2305 oda
664 2240 711 2315 ὄν,
733 2246 786 2303 καὶ
806 2242 885 2325 αὕτη
906 2245 1020 2324 βεβαία
1042 2241 1134 2320 δόξα·
1156 2247 1211 2306 καὶ
1228 2243 1254 2305 ελ

148 2350 185 2415 πὸ
198 2352 239 2435 μὴ
254 2353 342 2426 εἶναι,
360 2353 491 2433 βέβαιόν
505 2374 536 2416 τι
550 2356 603 2415 καὶ
619 2352 782 2435 γνώριμον
804 2357 1020 2436 γνωριμωτέρα
1035 2351 1095 2435 γάρ
1113 2354 1158 2417 ἀν
1173 2336 1219 2438 cip
1234 2348 1252 2438 ἢ

149 2464 245 2546 φάσις
265 2457 285 2547 ἦ
307 2460 507 2545 ἀντικειμένη.
551 2461 709 2526 Extrema
730 2461 833 2526 verba
855 2461 1163 2545 Hengstenbergius
1185 2485 1252 2528 ver-

149 2572 205 2636 tit=
227 2593 321 2635 wenn
344 2571 424 2637 aber
447 2574 504 2635 das
525 2571 703 2653 Nichtseyn
726 2573 780 2656 ist,
803 2593 839 2637 so
862 2572 953 2657 giebt
975 2594 1011 2635 os
1034 2573 1086 2636 ein
1110 2573 1253 2639 sicheres

149 2685 215 2744 aad
239 2681 474 2765 erkennbares,
497 2685 540 2746 da
562 2682 614 2747 die
634 2683 809 2767 Bejahung
830 2683 913 2748 noeh
937 2682 1163 2748 orkennbarer
1185 2685 1251 2749 sein

150 2812 241 2855 muss
270 2790 320 2854 als
348 2793 400 2856 dia
429 2781 651 2874 verneinuugl
700 2793 752 2858 Ac
778 2795 880 2858 verba
908 2794 1036 2881 quidem
1064 2792 1139 2879 ipsa
1166 2803 1253 2860 recto

151 2901 331 2986 expressit,
352 2902 517 2965 sententia
540 2907 668 2985 autem,
691 2925 775 2990 quae
798 2905 873 2969 inde
896 2902 1051 2987 efficitur,
1079 2903 1253 2970 manifesto

93 3088 96 3093 ,
149 3013 237 3079 falsa
258 3018 319 3079 est.
363 3011 508 3076 Primum
537 3011 624 3077 enirn
646 3014 756 3098 priore
784 3022 878 3099 parte
907 3014 1069 3079 enunciati
1096 3021 1151 3079 καὶ
1172 3018 1202 3080 ελ
1220 3015 1253 3081 τὸ

149 3125 191 3211 μὴ
210 3161 254 3172 -
274 3126 430 3208 γνώριμον
451 3123 537 3188 idem
560 3131 648 3189 esset
676 3125 795 3190 dietum
824 3134 920 3213 atque
948 3127 989 3189 iis
1016 3124 1145 3210 verbis,
1172 3148 1253 3214 quaa

151 3235 297 3320 proxime
329 3237 527 3299 antecedunt
559 3236 588 3298 εἶ
612 3241 670 3319 μὲν
697 3237 866 3312 οὕτως-
895 3236 992 3316 ἀόξας
1025 3237 1144 3302 deinde
1172 3239 1253 3323 qnod

150 3343 302 3426 adjicitur
323 3349 539 3431 γνωριμωτέρα
560 3344 620 3429 γάρ
641 3345 704 3411 κτλ
727 3368 859 3430 prorsus
874 3352 926 3410 est
941 3347 1129 3432 absurdum,
1152 3367 1253 3434 nequo

150 3456 237 3521 enim
260 3460 434 3540 propteroa
456 3455 621 3538 negatio
644 3455 739 3522 firma
761 3479 801 3520 ac
820 3464 912 3520 certa
934 3478 1008 3522 esse
1030 3464 1160 3543 potest,
1182 3458 1254 3544 quia

150 3565 271 3631 certior
287 3573 320 3630 et
336 3568 378 3630 ad
393 3564 641 3650 intelligendum
658 3567 763 3652 aptior
779 3573 829 3630 est
852 3565 1092 3634 affirmatio.
1137 3567 1185 3632 At
1200 3588 1253 3655 ap·

151 3682 246 3762 parct
279 3676 326 3740 ita
360 3676 548 3742 ratiocinari
581 3676 813 3760 Aristotelem,
846 3685 882 3742 ut
914 3699 1010 3762 quum
1044 3679 1253 3763 negationem

151 3786 278 3857 firman
481 3808 589 3855 assum
613 3786 667 3871 sit,
689 3785 864 3854 firmiorem
887 3789 985 3855 etiam
1002 3787 1252 3860 affirmationem

509 4024 616 4083 videtur
633 4042 680 4098 pre
699 4026 721 4098 ἢ,
740 4027 809 4101 quod
827 4036 869 4081 est
886 4027 954 4097 apud
972 4025 1070 4083 Brund.
