2602 4388
1123 223 1169 291 b?

70 374 171 440 Sionti
201 373 288 442 enim
316 376 433 443 dieitur
460 377 496 444 τὸ
523 377 605 443 κατὰ
631 377 688 457 aa
713 380 843 458 τττοόσοις
866 382 907 470 μὴ
929 384 985 459 dou·
1009 384 1064 450 nbi
1086 387 1169 453 ma

69 486 130 564 τάς.
143 487 275 564 σταόσας
300 488 439 554 articulo
467 495 502 554 et
528 488 650 554 nomini
676 490 904 581 interpositum
931 496 1024 579 quasi
1054 496 1086 561 in
1109 517 1168 563 na·

68 604 174 662 teram
196 599 349 679 adjectivi
371 599 452 685 abit,
474 599 521 665 ita
536 601 705 665 dieeudum
722 608 773 666 est
793 601 829 665 τό
850 597 894 678 οἷς
913 605 1036 692 ψεῦδος
1055 607 1097 693 μυ)
1117 609 1166 687 ὄν,

67 728 129 772 non
151 708 190 774 τό
210 706 254 784 ὥς
273 709 397 799 ψεῦδος
418 711 453 775 τό
474 709 516 796 μὴ
537 711 585 776 ὄν.
622 708 672 776 Of.
693 713 730 777 τό
750 711 832 777 κατά
850 716 1039 798 συμβεβηκός
1060 719 1107 795 ὅν,
1129 719 1166 786 τό

66 816 108 894 ἀς
138 817 258 905 ἀληθὲς
289 819 341 896 ὄν,
373 821 409 885 τό
440 820 482 907 μὴ
514 823 553 887 ὃν
579 819 623 898 ὡς
648 822 771 915 ψεῦδος
798 829 832 889 et
859 823 978 887 similia
1002 832 1047 903 E,
1072 833 1105 899 4.
1132 851 1167 915 ρ,

69 928 236 1002 1027ο17.

148 1046 199 1116 Μ,
223 1047 272 1112 1⁰.
294 1062 325 1127 p.
349 1045 516 1115 1087e17.
541 1041 611 1127 (Br.
632 1047 709 1127 289,
729 1043 775 1127 ὅ.)
818 1042 868 1110 Ne
889 1043 1050 1132 principia
1071 1069 1166 1133 opor-

65 1157 133 1217 teat
154 1151 357 1216 universalia
377 1153 494 1236 statui,
521 1153 577 1228 τάς
598 1149 698 1238 ἀρχάς
717 1153 860 1220 καθόλου
881 1158 970 1232 εἶναι,
992 1159 1164 1226 seientiam

65 1259 264 1327 Aristoteles
287 1264 381 1328 doeet
401 1284 467 1327 uon
489 1262 598 1349 ntique
626 1263 689 1329 diei
717 1285 814 1348 posse
842 1264 1078 1357 universalem,
1105 1277 1164 1340 sed
1195 1344 1198 1348 ,

67 1394 137 1439 esse
178 1375 340 1460 quoddam
382 1374 565 1441 discrimen.
614 1372 633 1462 ἦ
671 1374 732 1461 γάρ
769 1376 931 1463 ἐπιστήμη,
972 1380 1076 1467 ὥσπερ
1110 1387 1164 1450 καλ

65 1485 96 1548 τό
123 1483 332 1560 ότόστασθαι,
364 1485 483 1562 διττόν,
514 1480 560 1551 οἷν
587 1485 622 1552 τό
653 1489 713 1570 μὲν
733 1485 868 1569 δυνάμει
894 1487 930 1553 τό
959 1487 996 1553 ἀὲ
1016 1489 1161 1577 ἐνεργείᾳ.

10 1636 13 1657 .
64 1591 161 1679 ἡμὲν
181 1592 242 1659 οὖν
263 1594 397 1680 δύναμις
422 1594 466 1672 ὥς
486 1597 544 1683 όλρ
566 1602 634 1662 τοῦ
659 1594 802 1660 καθόλου
829 1594 912 1661 οὖσα
937 1601 991 1663 καὶ
1020 1599 1164 1687 ἀόριστος

64 1709 118 1770 τοῦ
144 1705 289 1770 καθόλου
316 1711 368 1770 καὶ
395 1704 541 1793 ἀορίστου
568 1705 663 1781 ἐστίν,
689 1701 709 1790 ἡ
731 1702 760 1768 δ’
782 1701 919 1791 ἐνέργεια
939 1704 1089 1796 ἀρυομένη
1110 1717 1163 1776 καὶ

63 1811 233 1901 dompmea
254 1817 329 1881 τόδε
350 1841 380 1881 τι
401 1815 482 1884 οὖσα
502 1817 598 1882 reddi
616 1837 710 1892 τινος.
744 1813 856 1880 Siouti
878 1817 911 1882 in
934 1816 1040 1883 altero
1063 1840 1163 1884 enun-

61 1924 210 1990 oiatiouis
242 1927 388 1992 membro
420 1927 556 2014 ἐνέργεια
590 1931 624 1991 et
655 1926 728 2010 ipsa
760 1925 896 1992 definita
921 1936 956 1993 et
984 1929 1163 2014 singularis

62 2057 147 2120 esse,
170 2042 205 2101 et
225 2058 295 2101 rem
317 2038 378 2104 sibi
394 2039 575 2119 subjectam
591 2035 712 2101 babere
727 2032 894 2103 definitam
910 2045 944 2104 et
961 2038 1161 2124 singularem

61 2147 195 2231 dieitur,
228 2146 275 2212 ita
307 2148 340 2213 in
375 2150 482 2234 priore
508 2148 654 2213 membro
681 2156 863 2232 opponatur
889 2156 1017 2236 oportet
1043 2158 1163 2220 natura

60 2259 132 2339 ejas
147 2256 209 2343 rei,
232 2261 383 2344 adquam
398 2259 532 2344 δύναμις
546 2257 700 2344 pertinet,
723 2257 917 2322 universalis
932 2268 966 2325 et
980 2260 1161 2349 indefinita,

60 2369 190 2456 etipsa
214 2368 409 2435 universalis
436 2375 471 2435 et
497 2367 666 2434 indefinita
692 2367 855 2452 δυνάμεως
882 2375 1012 2435 natura.
1056 2369 1161 2438 Omit-

60 2481 194 2546 teudam
217 2479 317 2564 igitur
337 2485 396 2547 τοῦ
416 2486 493 2544 aute
514 2470 658 2544 καθόλου
680 2475 771 2555 οὖσα,
793 2485 828 2543 et
841 2480 1045 2544 scribendum
1067 2480 1162 2567 ἡμὲν

59 2589 119 2656 οὖν
141 2590 278 2675 δύναμις
298 2587 343 2667 οἷς
362 2591 421 2676 etp
441 2590 585 2655 καθόλου
608 2587 688 2654 οὖσα
708 2593 761 2653 καὶ
775 2587 919 2673 ἀόριστος
939 2594 997 2655 τοῦ
1017 2591 1161 2657 καθόλου

57 2707 110 2766 καὶ
130 2698 279 2786 ἀορίστου
301 2702 393 2767 ἐστίν.
428 2699 481 2765 Ad
496 2699 639 2768 καθόλου
654 2701 736 2764 εἶναι
754 2697 796 2766 cf.
809 2704 858 2776 M,
875 2706 924 2771 10.
939 2721 970 2785 p.
989 2701 1160 2774 108tib37.

57 2815 120 2892 siro
141 2812 286 2900 καθόλου
308 2809 344 2876 αἱ
365 2809 467 2898 ἀρχαί.
498 2815 665 2883 loetale.
691 2809 748 2896 τήν
768 2809 935 2897 ἐπιστήμην
956 2815 1037 2877 εἶναι
1057 2815 1161 2880 καθό-

56 2920 115 2987 λου
137 2925 256 2990 πᾶσαν.
278 2930 356 2993 a12.
377 2922 435 2999 τάς
456 2926 519 2988 τόν
539 2920 642 2989 ὄντων
663 2919 762 3007 ἀρχάς
782 2922 925 2989 καθόλου
946 2925 1037 2989 εἶναι.

145 3030 269 3096 Rarius
290 3053 388 3117 quam
410 3031 592 3122 adjiciendo
615 3031 751 3097 artioalo
774 3031 899 3097 librarii
915 3033 1093 3098 omittendo
1113 3030 1160 3097 vi-

57 3145 178 3210 dentur
200 3163 369 3225 peeoasse3
397 3143 489 3222 eujus
509 3143 645 3228 quidem
673 3142 722 3206 rei
750 3142 790 3205 iis
818 3141 996 3227 exernplis,
1024 3163 1160 3228 quorum

56 3252 248 3338 eorruptela
264 3253 362 3318 latius
376 3258 480 3338 patet,
502 3253 543 3316 ad
558 3251 772 3338 posteriorem
788 3251 1016 3337 disputationis
1030 3261 1161 3338 partem

54 3362 248 3448 reservetis,
269 3385 367 3429 unum
390 3363 592 3449 potissimum
615 3362 719 3429 looum
742 3362 916 3449 attingam,
931 3364 984 3450 qai
1007 3365 1106 3430 etiam
1125 3365 1159 3430 iu

55 3472 275 3541 Beklreriena
290 3473 431 3540 editione
441 3494 613 3560 perperam
626 3493 741 3539 cerere
752 3473 890 3540 articulo
905 3474 1043 3541 videtur.
1065 3473 1160 3540 Libri

55 3585 149 3651 tertii
176 3583 292 3650 deeimi
319 3605 390 3673 ουρ.
411 3593 442 3656 2
464 3583 663 3650 Aristoteles
691 3585 842 3671 exponit,
869 3607 930 3672 quo
959 3607 1017 3650 eos
1044 3586 1160 3652 deduci

56 3701 228 3781 oporteat,
256 3693 309 3781 qui
336 3715 391 3759 res
418 3695 686 3780 mathematicas,
715 3693 818 3760 solida
844 3694 1032 3782 superficies
1053 3696 1159 3762 lineas

55 3812 192 3892 puncta,
214 3805 375 3888 disjuncta
396 3804 535 3870 erebus
557 3805 763 3872 sensibilibus
784 3828 844 3892 per
860 3829 896 3873 se
916 3807 1077 3874 exsistere
1093 3812 1159 3872 sta-

55 3917 197 3998 tuerint3
218 3939 292 3984 esse
307 3916 393 3983 euim
407 3914 483 3981 inde
497 3936 710 4003 consequeus,
723 3921 760 3982 ut
773 3924 906 4002 praeter
919 3939 974 3983 res
988 3915 1160 3983 sensibiles

57 4026 158 4116 plura
177 4033 213 4094 et
233 4025 476 4118 superficierum
498 4031 532 4093 et
553 4025 714 4107 linearum
735 4033 770 4097 et
796 4027 989 4117 punctorum
1009 4024 1136 4107 absolut
