2618 4388
63 1251 293 1378 Aristotelis
320 1309 393 1376 libri
415 1332 511 1398 qurum
534 1332 666 1396 omnes,
695 1310 818 1398 siquis
845 1309 974 1396 ponitus
996 1333 1053 1378 eos
1074 1312 1170 1379 intei-

65 1427 169 1509 iigere
190 1421 348 1505 voluerit,
373 1421 513 1507 diligens
534 1422 674 1494 studium
702 1430 736 1489 et
763 1421 955 1488 acerrimam
980 1425 1098 1489 montis
1120 1425 1169 1488 in·

66 1535 244 1601 tentionem
267 1534 443 1620 requirant,
465 1540 533 1598 tum
556 1554 626 1617 eos,
648 1532 702 1619 qui
724 1532 1019 1616 metaphysicorum
1037 1534 1169 1599 nomine

65 1645 232 1729 feruntur,
275 1642 451 1729 praecipua
486 1646 625 1729 quatiam
665 1642 857 1708 difficultate
892 1642 1045 1708 laborare
1083 1643 1170 1710 inter

66 1778 180 1821 omnes
201 1756 365 1839 convenit,
387 1753 543 1841 siquidem
566 1756 607 1818 rte
629 1752 879 1867 sententiarum
888 1753 1099 1839 obscuritate,
1122 1754 1169 1819 ui-

65 1866 158 1932 sendi
182 1865 342 1931 brevitate
350 1912 361 1949 ,
390 1865 640 1950 argumentandi
664 1843 934 1955 subtilitatunou'
952 1866 1059 1948 magis
1080 1871 1169 1931 vete·

64 1999 118 2041 res
143 1981 322 2062 queruntur
349 1996 446 2061 qnam
474 1974 673 2041 reoentiores
705 1975 931 2084 rptsrpretos.
969 1973 1030 2039 Est
1057 1984 1168 2041 autem

64 2086 184 2173 triplex
208 2085 278 2151 fere
300 2085 386 2170 fons,
408 2088 493 2151 undo
516 2068 718 2170 singularem
738 2084 833 2190 hippo
832 2070 1075 2159 uiffioultarem
1099 2106 1169 2150 ma·

64 2221 145 2263 nare
172 2197 321 2262 dixerim.
366 2196 417 2262 Ao
444 2198 580 2282 primum
602 2197 730 2281 quidem
751 2201 795 2261 et
789 2152 890 2262 haud
911 2196 977 2261 soio
1000 2217 1042 2259 an
1065 2197 1168 2262 maxi·

63 2331 151 2374 mum
176 2306 378 2391 intelligendi
401 2306 699 2393 impedimentum
691 2328 723 2370 ru
745 2306 818 2391 ipsa
839 2329 966 2390 rerum,
993 2327 1077 2392 quae
1101 2314 1168 2372 tra·

62 2426 210 2503 utantur,
239 2426 357 2483 natura
383 2418 524 2504 positum
547 2425 607 2484 est.
652 2417 758 2489 Quum
784 2419 871 2482 enim
893 2417 1105 2503 philosophus
1125 2421 1168 2485 de

63 2530 183 2595 abditis
198 2529 318 2594 sciendi
335 2529 502 2614 principiis
524 2538 604 2612 aget
626 2535 660 2594 et
681 2530 722 2593 de
738 2528 778 2591 iis
796 2529 894 2594 robus
909 2529 1061 2613 disputet,
1083 2550 1168 2615 quae

64 2662 84 2703 a
107 2660 259 2704 sensuum
282 2639 447 2704 evidentia
470 2638 657 2723 longissimo
679 2644 827 2702 remotae
847 2636 943 2702 uuioo
960 2638 1081 2703 mentis
1095 2639 1167 2705 eois

60 2751 260 2833 jurlioantur,
281 2771 346 2815 non
369 2758 420 2819 est
442 2750 559 2816 mirum
581 2751 678 2837 quod,
699 2771 783 2836 quae
805 2769 930 2814 summo
954 2748 1074 2835 ingenii
1092 2772 1167 2816 aou-

63 2861 150 2925 mine
172 2868 306 2946 reperta
327 2868 420 2945 sunt,
447 2883 510 2926 non
534 2863 605 2927 sine
627 2858 748 2944 niagno
769 2859 869 2925 animi
890 2859 1071 2927 intentione
1094 2883 1167 2947 por-

62 2970 131 3055 oipi
152 2978 296 3054 possunt.
341 2972 434 3044 Quae
462 2972 590 3058 quidem
617 2970 795 3035 difficultas
823 2991 865 3035 ex
891 2970 965 3055 ipsa
985 2970 1033 3036 roi
1056 2969 1166 3037 indole

63 3087 180 3147 exorta
202 3102 242 3145 eo
265 3088 415 3166 augetur,
437 3086 520 3168 quod
539 3080 739 3148 Aristoteles
760 3100 826 3144 non
849 3079 930 3144 satis
952 3079 1166 3147 habersuam

63 3191 261 3256 sententiam
288 3193 495 3277 proposuisse
522 3200 556 3258 et
584 3194 845 3273 demonstrasse,
873 3192 931 3256 seri
956 3189 1051 3255 simul
1078 3192 1165 3276 prio-

61 3324 134 3366 rum
155 3301 420 3388 philosophorum
443 3300 564 3387 piacita
585 3301 745 3384 breviter,
772 3307 808 3363 ut
830 3299 915 3364 inter
936 3309 1164 3387 agnoscentes,

61 3420 153 3477 notat
182 3419 217 3477 et
243 3411 291 3476 ita
317 3412 525 3502 perstringit,
557 3419 594 3476 ut
621 3412 861 3497 comprobando
888 3434 971 3498 quae
998 3422 1088 3478 reete
1116 3411 1165 3476 illi

62 3523 258 3610 statuerint,
284 3523 458 3588 refutando
485 3545 568 3610 quae
596 3545 708 3608 senus,
742 3545 835 3588 snam
864 3521 1043 3590 doctrinam
1069 3544 1164 3609 pruo-

59 3642 154 3720 paret
185 3642 219 3700 et
240 3634 396 3714 illustret3
422 3634 517 3699 nobis
538 3657 633 3719 vero,
659 3633 774 3721 quibus
796 3632 998 3720 superiorum
1023 3633 1164 3721 philoso-

59 3746 198 3831 phorum
220 3744 405 3811 sententiae
426 3766 580 3830 magnam
603 3751 731 3829 partem
758 3765 801 3811 ex
825 3745 898 3831 ipsa
918 3745 1014 3809 modo
1036 3741 1163 3805 Aristo·

60 3855 139 3921 telis
171 3856 339 3921 notatione
372 3853 567 3921 divinandae
594 3855 678 3941 sint,
713 3855 797 3920 haee
824 3876 937 3921 earum
964 3848 1162 3921 existimatio

61 3989 132 4034 rom
162 3969 315 4034 obseurat
347 3966 479 4052 saepius
503 3962 600 4053 quam
629 3965 783 4034 illustrat.
840 3965 960 4031 Altera
988 3960 1163 4027 difficultas

111 4077 306 4132 rauranum.
321 4077 429 4120 roseae
945 4074 962 4138 1
